<?xml version="1.0" encoding="UTF-8"?>
<!DOCTYPE html PUBLIC "-//W3C//DTD XHTML 1.0 Transitional//EN"
    "http://www.w3.org/TR/xhtml1/DTD/xhtml1-transitional.dtd">
<html xmlns="http://www.w3.org/1999/xhtml" xml:lang="en" lang="en">
 <head>
  <title>
</title>
<meta http-equiv="Content-Type" content="text/html;charset=utf-8" />
  <meta name='ocr-system' content='tesseract 3.04.00' />
  <meta name='ocr-capabilities' content='ocr_page ocr_carea ocr_par ocr_line ocrx_word'/>
</head>
<body>
  <div class='ocr_page' id='page_1' title='image "./exercitationesc00herwgoog_0056.png"; bbox 0 0 3024 5264; ppageno 0'>
   <div class='ocr_carea' id='block_1_1' title="bbox 734 464 774 524">
    <p class='ocr_par' dir='ltr' id='par_1_1' title="bbox 734 464 774 524">
     <span class='ocr_line' id='line_1_1' title="bbox 734 464 774 524; baseline -0.025 0"><span class='ocrx_word' id='word_1_1' title='bbox 734 464 774 524; x_wconf 88' lang='grc'><strong>38</strong></span> 
     </span>
    </p>
   </div>
   <div class='ocr_carea' id='block_1_2' title="bbox 184 632 1321 1643">
    <p class='ocr_par' dir='ltr' id='par_1_2' title="bbox 184 632 1319 1185">
     <span class='ocr_line' id='line_1_2' title="bbox 184 632 1319 729; baseline 0.009 -31"><span class='ocrx_word' id='word_1_2' title='bbox 184 655 238 698; x_wconf 90' lang='lat' dir='ltr'><strong>rus</strong></span> <span class='ocrx_word' id='word_1_3' title='bbox 254 633 305 719; x_wconf 85' lang='lat' dir='ltr'><strong>(fr.</strong></span> <span class='ocrx_word' id='word_1_4' title='bbox 322 632 417 716; x_wconf 75' lang='lat'>22⁷),</span> <span class='ocrx_word' id='word_1_5' title='bbox 442 633 554 717; x_wconf 89' lang='lat' dir='ltr'><strong>quibus</strong></span> <span class='ocrx_word' id='word_1_6' title='bbox 578 634 654 699; x_wconf 87' lang='lat' dir='ltr'><strong>adde</strong></span> <span class='ocrx_word' id='word_1_7' title='bbox 679 636 818 699; x_wconf 84' lang='lat' dir='ltr'><strong>Nanckii</strong></span> <span class='ocrx_word' id='word_1_8' title='bbox 848 636 900 723; x_wconf 87' lang='lat' dir='ltr'><strong>(fr.</strong></span> <span class='ocrx_word' id='word_1_9' title='bbox 924 637 1003 725; x_wconf 79' lang='lat'>230)</span> <span class='ocrx_word' id='word_1_10' title='bbox 1035 639 1258 720; x_wconf 87' lang='lat' dir='ltr'><strong>coniecturam,</strong></span> <span class='ocrx_word' id='word_1_11' title='bbox 1281 633 1319 729; x_wconf 78' lang='grc' dir='ltr'><strong>ἧς</strong></span> 
     </span>
     <span class='ocr_line' id='line_1_3' title="bbox 186 746 1318 835; baseline 0.006 -23"><span class='ocrx_word' id='word_1_12' title='bbox 186 746 282 834; x_wconf 79' lang='grc' dir='ltr'><strong><em>γαίας</em></strong></span> <span class='ocrx_word' id='word_1_13' title='bbox 303 747 467 834; x_wconf 83' lang='lat' dir='ltr'><strong>legendum</strong></span> <span class='ocrx_word' id='word_1_14' title='bbox 501 771 565 814; x_wconf 86' lang='lat' dir='ltr'><strong>esse</strong></span> <span class='ocrx_word' id='word_1_15' title='bbox 591 751 740 835; x_wconf 85' lang='lat' dir='ltr'><strong>putantis.</strong></span> <span class='ocrx_word' id='word_1_16' title='bbox 773 750 911 816; x_wconf 80' lang='lat' dir='ltr'><strong>Accedat</strong></span> <span class='ocrx_word' id='word_1_17' title='bbox 934 754 1058 819; x_wconf 91' lang='lat' dir='ltr'><strong>tandem</strong></span> <span class='ocrx_word' id='word_1_18' title='bbox 1081 754 1154 820; x_wconf 86' lang='lat' dir='ltr'><strong>haec</strong></span> <span class='ocrx_word' id='word_1_19' title='bbox 1182 778 1260 834; x_wconf 83' lang='lat' dir='ltr'><strong>mea,</strong></span> <span class='ocrx_word' id='word_1_20' title='bbox 1284 757 1318 820; x_wconf 90' lang='lat' dir='ltr'><strong>in</strong></span> 
     </span>
     <span class='ocr_line' id='line_1_4' title="bbox 187 864 1319 956; baseline 0.008 -30"><span class='ocrx_word' id='word_1_21' title='bbox 187 865 433 929; x_wconf 80' lang='lat' dir='ltr'>EYIOTAIHG</span> <span class='ocrx_word' id='word_1_22' title='bbox 448 864 542 929; x_wconf 87' lang='lat' dir='ltr'><strong>latere</strong></span> <span class='ocrx_word' id='word_1_23' title='bbox 563 868 809 930; x_wconf 82' lang='lat' dir='ltr'><em>EYOTAAHC</em></span> <span class='ocrx_word' id='word_1_24' title='bbox 827 873 857 931; x_wconf 89' lang='lat' dir='ltr'><strong>et</strong></span> <span class='ocrx_word' id='word_1_25' title='bbox 880 888 1006 933; x_wconf 89' lang='lat' dir='ltr'><strong>manum</strong></span> <span class='ocrx_word' id='word_1_26' title='bbox 1029 868 1227 956; x_wconf 79' lang='lat' dir='ltr'><strong>Euripideum</strong></span> <span class='ocrx_word' id='word_1_27' title='bbox 1252 893 1319 936; x_wconf 82' lang='lat' dir='ltr'><strong>esse</strong></span> 
     </span>
     <span class='ocr_line' id='line_1_5' title="bbox 189 973 282 1042; baseline 0.043 -4"><span class='ocrx_word' id='word_1_28' title='bbox 189 973 282 1042; x_wconf 82' lang='lat' dir='ltr'><strong>hauc:</strong></span> 
     </span>
     <span class='ocr_line' id='line_1_6' title="bbox 230 1069 1134 1185; baseline 0.009 -30"><span class='ocrx_word' id='word_1_29' title='bbox 230 1069 232 1074; x_wconf 21' lang='grc' dir='ltr'>Ι</span> <span class='ocrx_word' id='word_1_30' title='bbox 343 1090 465 1157; x_wconf 81' lang='grc' dir='ltr'><strong><em>Νείλου</em></strong></span> <span class='ocrx_word' id='word_1_31' title='bbox 484 1085 588 1157; x_wconf 78' lang='grc' dir='ltr'><strong><em>λιπών</em></strong></span> <span class='ocrx_word' id='word_1_32' title='bbox 605 1083 753 1173; x_wconf 78' lang='grc' dir='ltr'><strong><em>κᾶλλιςον</em></strong></span> <span class='ocrx_word' id='word_1_33' title='bbox 774 1087 939 1181; x_wconf 81' lang='grc' dir='ltr'><strong><em>εὖςαλής</em></strong></span> <span class='ocrx_word' id='word_1_34' title='bbox 960 1087 1050 1185; x_wconf 79' lang='grc' dir='ltr'><strong>ὕδωρ</strong></span> <span class='ocrx_word' id='word_1_35' title='bbox 1071 1093 1134 1163; x_wconf 76' lang='grc' dir='ltr'><strong>κτὲ.</strong></span> 
     </span>
    </p>

    <p class='ocr_par' dir='ltr' id='par_1_3' title="bbox 190 1194 1321 1643">
     <span class='ocr_line' id='line_1_7' title="bbox 190 1194 1320 1296; baseline 0.012 -33"><span class='ocrx_word' id='word_1_36' title='bbox 190 1201 242 1266; x_wconf 85' lang='lat' dir='ltr'><strong>Vs.</strong></span> <span class='ocrx_word' id='word_1_37' title='bbox 260 1208 278 1267; x_wconf 88' lang='lat'><strong>5</strong></span> <span class='ocrx_word' id='word_1_38' title='bbox 296 1226 351 1289; x_wconf 89' lang='lat' dir='ltr'><strong>pro</strong></span> <span class='ocrx_word' id='word_1_39' title='bbox 373 1194 664 1291; x_wconf 79' lang='grc' dir='ltr'><strong><em>τεθριππείοντος,</em></strong></span> <span class='ocrx_word' id='word_1_40' title='bbox 688 1207 833 1293; x_wconf 84' lang='lat' dir='ltr'><strong>quaeest</strong></span> <span class='ocrx_word' id='word_1_41' title='bbox 868 1210 1011 1276; x_wconf 92' lang='lat' dir='ltr'><strong>codicum</strong></span> <span class='ocrx_word' id='word_1_42' title='bbox 1046 1212 1211 1296; x_wconf 84' lang='lat' dir='ltr'><strong>scriptura,</strong></span> <span class='ocrx_word' id='word_1_43' title='bbox 1236 1216 1320 1276; x_wconf 85' lang='lat' dir='ltr'><strong>recte</strong></span> 
     </span>
     <span class='ocr_line' id='line_1_8' title="bbox 190 1306 1319 1412; baseline 0.006 -30"><span class='ocrx_word' id='word_1_44' title='bbox 190 1318 384 1383; x_wconf 87' lang='lat' dir='ltr'><strong>emendatum</strong></span> <span class='ocrx_word' id='word_1_45' title='bbox 397 1306 519 1384; x_wconf 86' lang='lat' dir='ltr'><strong>videtur</strong></span> <span class='ocrx_word' id='word_1_46' title='bbox 538 1313 695 1409; x_wconf 72' lang='lat' dir='ltr'><strong>ce&#39;dprmrr&#39;</strong></span> <span class='ocrx_word' id='word_1_47' title='bbox 714 1317 857 1405; x_wconf 82' lang='grc' dir='ltr'><strong><em>ἔχοντος,</em></strong></span> <span class='ocrx_word' id='word_1_48' title='bbox 882 1326 935 1390; x_wconf 88' lang='lat' dir='ltr'><strong>sed</strong></span> <span class='ocrx_word' id='word_1_49' title='bbox 948 1327 1029 1410; x_wconf 90' lang='lat' dir='ltr'><strong>quod</strong></span> <span class='ocrx_word' id='word_1_50' title='bbox 1049 1328 1081 1391; x_wconf 92' lang='lat' dir='ltr'><strong>in</strong></span> <span class='ocrx_word' id='word_1_51' title='bbox 1104 1326 1166 1391; x_wconf 91' lang='lat' dir='ltr'><strong>fine</strong></span> <span class='ocrx_word' id='word_1_52' title='bbox 1182 1349 1225 1391; x_wconf 87' lang='lat' dir='ltr'><strong>vs.</strong></span> <span class='ocrx_word' id='word_1_53' title='bbox 1241 1325 1319 1412; x_wconf 87' lang='lat' dir='ltr'><strong>legi·</strong></span> 
     </span>
     <span class='ocr_line' id='line_1_9' title="bbox 191 1423 1320 1528; baseline 0.009 -33"><span class='ocrx_word' id='word_1_54' title='bbox 191 1435 242 1497; x_wconf 91' lang='lat' dir='ltr'><strong>tur</strong></span> <span class='ocrx_word' id='word_1_55' title='bbox 273 1427 354 1496; x_wconf 78' lang='grc' dir='ltr'><strong><em>κατα</em></strong></span> <span class='ocrx_word' id='word_1_56' title='bbox 375 1423 477 1515; x_wconf 87' lang='grc' dir='ltr'><strong><em>χθόνα</em></strong></span> <span class='ocrx_word' id='word_1_57' title='bbox 504 1457 566 1499; x_wconf 91' lang='lat' dir='ltr'><strong>non</strong></span> <span class='ocrx_word' id='word_1_58' title='bbox 594 1436 692 1522; x_wconf 88' lang='lat' dir='ltr'><strong>magis</strong></span> <span class='ocrx_word' id='word_1_59' title='bbox 718 1456 825 1503; x_wconf 88' lang='lat' dir='ltr'><strong>sanum</strong></span> <span class='ocrx_word' id='word_1_60' title='bbox 853 1463 917 1505; x_wconf 85' lang='lat' dir='ltr'><strong>esse</strong></span> <span class='ocrx_word' id='word_1_61' title='bbox 943 1441 1077 1508; x_wconf 82' lang='lat' dir='ltr'>arbitror</span> <span class='ocrx_word' id='word_1_62' title='bbox 1099 1460 1206 1528; x_wconf 90' lang='lat' dir='ltr'><strong>quam,</strong></span> <span class='ocrx_word' id='word_1_63' title='bbox 1236 1438 1320 1527; x_wconf 91' lang='lat' dir='ltr'><strong>quod</strong></span> 
     </span>
     <span class='ocr_line' id='line_1_10' title="bbox 190 1542 1321 1643; baseline 0.01 -33"><span class='ocrx_word' id='word_1_64' title='bbox 190 1545 282 1612; x_wconf 87' lang='lat' dir='ltr'><strong>habet</strong></span> <span class='ocrx_word' id='word_1_65' title='bbox 302 1548 459 1627; x_wconf 78' lang='lat' dir='ltr'><strong>Tiberine,</strong></span> <span class='ocrx_word' id='word_1_66' title='bbox 480 1542 550 1614; x_wconf 83' lang='grc' dir='ltr'><strong><em>κατ’</em></strong></span> <span class='ocrx_word' id='word_1_67' title='bbox 571 1548 698 1638; x_wconf 83' lang='grc' dir='ltr'><strong><em>αἰθέρα.</em></strong></span> <span class='ocrx_word' id='word_1_68' title='bbox 727 1553 796 1619; x_wconf 83' lang='grc' dir='ltr'><strong>Νοο</strong></span> <span class='ocrx_word' id='word_1_69' title='bbox 819 1561 919 1619; x_wconf 88' lang='lat' dir='ltr'><strong>tamen</strong></span> <span class='ocrx_word' id='word_1_70' title='bbox 944 1554 1049 1638; x_wconf 88' lang='lat' dir='ltr'><strong>habeo,</strong></span> <span class='ocrx_word' id='word_1_71' title='bbox 1065 1559 1147 1642; x_wconf 89' lang='lat' dir='ltr'><strong>quod</strong></span> <span class='ocrx_word' id='word_1_72' title='bbox 1165 1578 1321 1643; x_wconf 83' lang='lat' dir='ltr'><strong>reponam.</strong></span> 
     </span>
    </p>
   </div>
   <div class='ocr_carea' id='block_1_3' title="bbox 684 1753 835 1772">
    <p class='ocr_par' dir='ltr' id='par_1_4' title="bbox 684 1753 835 1772">
     <span class='ocr_line' id='line_1_11' title="bbox 684 1753 835 1772; baseline 0 -5"><span class='ocrx_word' id='word_1_73' title='bbox 684 1753 835 1772; x_wconf 40' lang='lat' dir='ltr'>b...-</span> 
     </span>
    </p>
   </div>
   <div class='ocr_carea' id='block_1_4' title="bbox 236 1893 1145 2215">
    <p class='ocr_par' dir='ltr' id='par_1_5' title="bbox 236 1893 1145 2215">
     <span class='ocr_line' id='line_1_12' title="bbox 236 1893 857 1974; baseline 0.008 -15"><span class='ocrx_word' id='word_1_74' title='bbox 236 1896 313 1960; x_wconf 86' lang='lat' dir='ltr'><strong>Stob</strong></span> <span class='ocrx_word' id='word_1_75' title='bbox 336 1896 470 1974; x_wconf 89' lang='lat' dir='ltr'>XXIX,</span> <span class='ocrx_word' id='word_1_76' title='bbox 494 1900 535 1961; x_wconf 88' lang='grc'><strong>14</strong></span> <span class='ocrx_word' id='word_1_77' title='bbox 557 1920 595 1960; x_wconf 85' lang='lat' dir='ltr'><strong>ex</strong></span> <span class='ocrx_word' id='word_1_78' title='bbox 618 1898 721 1962; x_wconf 87' lang='lat' dir='ltr'><strong>eedem</strong></span> <span class='ocrx_word' id='word_1_79' title='bbox 737 1893 857 1964; x_wconf 69' lang='lat' dir='ltr'><strong>sabula.</strong></span> 
     </span>
     <span class='ocr_line' id='line_1_13' title="bbox 400 2001 1005 2098; baseline 0.007 -21"><span class='ocrx_word' id='word_1_80' title='bbox 400 2001 464 2077; x_wconf 76' lang='grc' dir='ltr'><strong>Οὔκ</strong></span> <span class='ocrx_word' id='word_1_81' title='bbox 486 2005 552 2090; x_wconf 80' lang='grc' dir='ltr'><strong><em>ἔςιν</em></strong></span> <span class='ocrx_word' id='word_1_82' title='bbox 573 2003 644 2089; x_wconf 60' lang='lat' dir='ltr'><strong>dem</strong></span> <span class='ocrx_word' id='word_1_83' title='bbox 664 2003 769 2098; x_wconf 79' lang='grc' dir='ltr'><strong><em>ήδέως</em></strong></span> <span class='ocrx_word' id='word_1_84' title='bbox 788 2011 893 2097; x_wconf 74' lang='grc' dir='ltr'><strong><em>ζητῶν</em></strong></span> <span class='ocrx_word' id='word_1_85' title='bbox 912 2014 1005 2096; x_wconf 81' lang='grc' dir='ltr'><strong><em>βιοῦν</em></strong></span> 
     </span>
     <span class='ocr_line' id='line_1_14' title="bbox 398 2112 1145 2215; baseline 0.011 -30"><span class='ocrx_word' id='word_1_86' title='bbox 398 2112 540 2188; x_wconf 70' lang='grc' dir='ltr'><strong><em>εὔκλειαν</em></strong></span> <span class='ocrx_word' id='word_1_87' title='bbox 562 2115 628 2186; x_wconf 77' lang='grc' dir='ltr'><strong><em>εἶτ’</em></strong></span> <span class='ocrx_word' id='word_1_88' title='bbox 650 2115 821 2212; x_wconf 78' lang='grc' dir='ltr'><strong><em>ἐκτήσατ’</em></strong></span> <span class='ocrx_word' id='word_1_89' title='bbox 842 2116 925 2191; x_wconf 76' lang='grc' dir='ltr'><strong><em>ἄλλα</em></strong></span> <span class='ocrx_word' id='word_1_90' title='bbox 946 2119 1007 2215; x_wconf 79' lang='grc' dir='ltr'><strong>χρή</strong></span> <span class='ocrx_word' id='word_1_91' title='bbox 1027 2131 1145 2193; x_wconf 81' lang='grc' dir='ltr'><strong><em>πονεῖν.</em></strong></span> 
     </span>
    </p>
   </div>
   <div class='ocr_carea' id='block_1_5' title="bbox 190 2225 1328 4272">
    <p class='ocr_par' dir='ltr' id='par_1_6' title="bbox 193 2225 1324 2787">
     <span class='ocr_line' id='line_1_15' title="bbox 237 2225 1323 2330; baseline 0.004 -29"><span class='ocrx_word' id='word_1_92' title='bbox 237 2236 354 2322; x_wconf 79' lang='lat' dir='ltr'><strong>Scripsi</strong></span> <span class='ocrx_word' id='word_1_93' title='bbox 378 2227 434 2299; x_wconf 77' lang='grc' dir='ltr'><strong><em>εἶτ’</em></strong></span> <span class='ocrx_word' id='word_1_94' title='bbox 454 2225 597 2324; x_wconf 76' lang='grc' dir='ltr'><strong>ἐκτήσατ’</strong></span> <span class='ocrx_word' id='word_1_95' title='bbox 619 2258 672 2322; x_wconf 88' lang='lat' dir='ltr'><strong>pro</strong></span> <span class='ocrx_word' id='word_1_96' title='bbox 696 2238 822 2326; x_wconf 77' lang='lat' dir='ltr'><strong>vulgatu</strong></span> <span class='ocrx_word' id='word_1_97' title='bbox 846 2240 1000 2326; x_wconf 86' lang='lat' dir='ltr'><strong>scriptura</strong></span> <span class='ocrx_word' id='word_1_98' title='bbox 1023 2231 1224 2330; x_wconf 81' lang='grc' dir='ltr'><strong><em>είςεκτήσατ’,</em></strong></span> <span class='ocrx_word' id='word_1_99' title='bbox 1245 2262 1323 2326; x_wconf 89' lang='lat' dir='ltr'><strong>quae</strong></span> 
     </span>
     <span class='ocr_line' id='line_1_16' title="bbox 193 2351 1324 2442; baseline 0.004 -26"><span class='ocrx_word' id='word_1_100' title='bbox 193 2351 286 2416; x_wconf 85' lang='lat' dir='ltr'><strong>nihili</strong></span> <span class='ocrx_word' id='word_1_101' title='bbox 310 2357 369 2428; x_wconf 83' lang='lat' dir='ltr'><strong>est3</strong></span> <span class='ocrx_word' id='word_1_102' title='bbox 391 2352 425 2415; x_wconf 89' lang='lat' dir='ltr'><strong>in</strong></span> <span class='ocrx_word' id='word_1_103' title='bbox 457 2373 547 2435; x_wconf 84' lang='lat' dir='ltr'><strong>quam</strong></span> <span class='ocrx_word' id='word_1_104' title='bbox 571 2353 781 2418; x_wconf 79' lang='lat' dir='ltr'><strong>coniecturam</strong></span> <span class='ocrx_word' id='word_1_105' title='bbox 810 2355 992 2421; x_wconf 84' lang='lat' dir='ltr'><strong>Nauckium</strong></span> <span class='ocrx_word' id='word_1_106' title='bbox 1020 2377 1142 2442; x_wconf 86' lang='lat' dir='ltr'><strong>qnoque</strong></span> <span class='ocrx_word' id='word_1_107' title='bbox 1172 2356 1324 2421; x_wconf 82' lang='lat' dir='ltr'><strong>incidisse</strong></span> 
     </span>
     <span class='ocr_line' id='line_1_17' title="bbox 194 2464 1324 2557; baseline 0.001 -24"><span class='ocrx_word' id='word_1_108' title='bbox 194 2469 292 2533; x_wconf 88' lang='lat' dir='ltr'><strong>video.</strong></span> <span class='ocrx_word' id='word_1_109' title='bbox 316 2466 409 2532; x_wconf 90' lang='lat' dir='ltr'><strong>Nihil</strong></span> <span class='ocrx_word' id='word_1_110' title='bbox 431 2473 530 2531; x_wconf 84' lang='lat' dir='ltr'><strong>autem</strong></span> <span class='ocrx_word' id='word_1_111' title='bbox 554 2469 744 2552; x_wconf 87' lang='lat' dir='ltr'><strong>frequentius</strong></span> <span class='ocrx_word' id='word_1_112' title='bbox 763 2475 810 2534; x_wconf 90' lang='lat' dir='ltr'><strong>est</strong></span> <span class='ocrx_word' id='word_1_113' title='bbox 830 2492 920 2555; x_wconf 90' lang='lat' dir='ltr'><strong>quam</strong></span> <span class='ocrx_word' id='word_1_114' title='bbox 945 2464 1015 2538; x_wconf 76' lang='grc' dir='ltr'><strong><em>εἶτα</em></strong></span> <span class='ocrx_word' id='word_1_115' title='bbox 1037 2472 1082 2535; x_wconf 85' lang='lat' dir='ltr'><strong>sic</strong></span> <span class='ocrx_word' id='word_1_116' title='bbox 1103 2476 1173 2557; x_wconf 90' lang='lat' dir='ltr'><strong>post</strong></span> <span class='ocrx_word' id='word_1_117' title='bbox 1195 2472 1324 2557; x_wconf 81' lang='lat' dir='ltr'><strong>partici-</strong></span> 
     </span>
     <span class='ocr_line' id='line_1_18' title="bbox 195 2577 1324 2671; baseline 0.001 -23"><span class='ocrx_word' id='word_1_118' title='bbox 195 2585 279 2670; x_wconf 90' lang='lat' dir='ltr'><strong>pium</strong></span> <span class='ocrx_word' id='word_1_119' title='bbox 292 2577 423 2659; x_wconf 79' lang='lat' dir='ltr'><strong>illaturi,</strong></span> <span class='ocrx_word' id='word_1_120' title='bbox 441 2589 472 2646; x_wconf 85' lang='lat' dir='ltr'><strong>et</strong></span> <span class='ocrx_word' id='word_1_121' title='bbox 491 2583 523 2646; x_wconf 92' lang='lat' dir='ltr'><strong>in</strong></span> <span class='ocrx_word' id='word_1_122' title='bbox 548 2582 596 2647; x_wconf 92' lang='lat' dir='ltr'><strong>his</strong></span> <span class='ocrx_word' id='word_1_123' title='bbox 611 2585 688 2669; x_wconf 89' lang='lat' dir='ltr'><strong>ipsis</strong></span> <span class='ocrx_word' id='word_1_124' title='bbox 711 2585 891 2670; x_wconf 79' lang='lat' dir='ltr'><strong>fragmentis</strong></span> <span class='ocrx_word' id='word_1_125' title='bbox 911 2586 1026 2651; x_wconf 88' lang='lat' dir='ltr'><strong>affatim</strong></span> <span class='ocrx_word' id='word_1_126' title='bbox 1038 2591 1085 2650; x_wconf 82' lang='lat' dir='ltr'><strong>eat</strong></span> <span class='ocrx_word' id='word_1_127' title='bbox 1107 2585 1324 2671; x_wconf 84' lang='lat' dir='ltr'><strong>exemplorum.</strong></span> 
     </span>
     <span class='ocr_line' id='line_1_19' title="bbox 195 2698 995 2787; baseline 0 -23"><span class='ocrx_word' id='word_1_128' title='bbox 195 2700 257 2764; x_wconf 82' lang='lat' dir='ltr'><strong>Sic.</strong></span> <span class='ocrx_word' id='word_1_129' title='bbox 289 2721 315 2761; x_wconf 88' lang='lat' dir='ltr'><strong>v.</strong></span> <span class='ocrx_word' id='word_1_130' title='bbox 348 2721 373 2761; x_wconf 91' lang='lat' dir='ltr'><strong>c.</strong></span> <span class='ocrx_word' id='word_1_131' title='bbox 401 2698 485 2762; x_wconf 85' lang='lat' dir='ltr'><strong>Stob.</strong></span> <span class='ocrx_word' id='word_1_132' title='bbox 505 2700 573 2774; x_wconf 90' lang='lat' dir='ltr'><strong>IX,</strong></span> <span class='ocrx_word' id='word_1_133' title='bbox 597 2700 629 2762; x_wconf 93' lang='lat' dir='ltr'><strong>in</strong></span> <span class='ocrx_word' id='word_1_134' title='bbox 651 2700 728 2764; x_wconf 82' lang='grc' dir='ltr'><strong><em>Ιοαο</em></strong></span> <span class='ocrx_word' id='word_1_135' title='bbox 757 2702 867 2787; x_wconf 83' lang='lat' dir='ltr'><strong>fragm.</strong></span> <span class='ocrx_word' id='word_1_136' title='bbox 887 2724 930 2765; x_wconf 91' lang='lat' dir='ltr'><strong>vs.</strong></span> <span class='ocrx_word' id='word_1_137' title='bbox 958 2703 995 2767; x_wconf 84' lang='lat'><strong>3:</strong></span> 
     </span>
    </p>

    <p class='ocr_par' dir='ltr' id='par_1_7' title="bbox 193 2801 1110 3114">
     <span class='ocr_line' id='line_1_20' title="bbox 348 2801 1110 2902; baseline 0.003 -26"><span class='ocrx_word' id='word_1_138' title='bbox 348 2802 423 2898; x_wconf 79' lang='grc' dir='ltr'><strong>μηδ’</strong></span> <span class='ocrx_word' id='word_1_139' title='bbox 444 2803 489 2884; x_wconf 78' lang='grc' dir='ltr'><strong>ὡς</strong></span> <span class='ocrx_word' id='word_1_140' title='bbox 510 2804 606 2886; x_wconf 77' lang='grc' dir='ltr'><strong><em>κακός</em></strong></span> <span class='ocrx_word' id='word_1_141' title='bbox 624 2803 800 2901; x_wconf 73' lang='grc' dir='ltr'><strong><em>ναύκληρος</em></strong></span> <span class='ocrx_word' id='word_1_142' title='bbox 822 2801 859 2878; x_wconf 80' lang='grc' dir='ltr'><strong>εὖ</strong></span> <span class='ocrx_word' id='word_1_143' title='bbox 880 2803 1009 2902; x_wconf 80' lang='grc' dir='ltr'><strong><em>πράξας</em></strong></span> <span class='ocrx_word' id='word_1_144' title='bbox 1028 2813 1110 2880; x_wconf 80' lang='grc' dir='ltr'><strong><em>ποτὲ</em></strong></span> 
     </span>
     <span class='ocr_line' id='line_1_21' title="bbox 349 2913 1089 3010; baseline 0.005 -24"><span class='ocrx_word' id='word_1_145' title='bbox 349 2920 467 3010; x_wconf 76' lang='grc' dir='ltr'><strong><em>ζητῶν</em></strong></span> <span class='ocrx_word' id='word_1_146' title='bbox 488 2916 529 2986; x_wconf 72' lang='grc' dir='ltr'><strong>τοὶ</strong></span> <span class='ocrx_word' id='word_1_147' title='bbox 550 2915 672 2988; x_wconf 80' lang='grc' dir='ltr'><strong><em>πλείον’</em></strong></span> <span class='ocrx_word' id='word_1_148' title='bbox 692 2913 776 2988; x_wconf 81' lang='grc' dir='ltr'><strong><em>εἶτα</em></strong></span> <span class='ocrx_word' id='word_1_149' title='bbox 798 2917 891 2990; x_wconf 80' lang='grc' dir='ltr'><strong><em>πάντ’</em></strong></span> <span class='ocrx_word' id='word_1_150' title='bbox 913 2915 1089 2990; x_wconf 71' lang='grc' dir='ltr'><strong><em>ἀπώλεσεν.</em></strong></span> 
     </span>
     <span class='ocr_line' id='line_1_22' title="bbox 193 3028 995 3114; baseline -0.001 -12"><span class='ocrx_word' id='word_1_151' title='bbox 193 3039 232 3102; x_wconf 85' lang='lat' dir='ltr'><strong>cf.</strong></span> <span class='ocrx_word' id='word_1_152' title='bbox 255 3036 340 3101; x_wconf 83' lang='lat' dir='ltr'><strong>Stob.</strong></span> <span class='ocrx_word' id='word_1_153' title='bbox 364 3035 527 3114; x_wconf 85' lang='lat' dir='ltr'>LXXIII,</span> <span class='ocrx_word' id='word_1_154' title='bbox 552 3041 592 3100; x_wconf 88' lang='lat'><strong>31</strong></span> <span class='ocrx_word' id='word_1_155' title='bbox 616 3043 647 3101; x_wconf 89' lang='lat' dir='ltr'><strong>et</strong></span> <span class='ocrx_word' id='word_1_156' title='bbox 669 3038 746 3102; x_wconf 80' lang='lat' dir='ltr'><strong>Suid</strong></span> <span class='ocrx_word' id='word_1_157' title='bbox 771 3061 800 3104; x_wconf 91' lang='lat' dir='ltr'><strong>v.</strong></span> <span class='ocrx_word' id='word_1_158' title='bbox 823 3028 933 3112; x_wconf 77' lang='grc' dir='ltr'><strong><em>Αὐτός</em></strong></span> <span class='ocrx_word' id='word_1_159' title='bbox 954 3060 995 3102; x_wconf 90' lang='grc' dir='ltr'><strong>τι.</strong></span> 
     </span>
    </p>

    <p class='ocr_par' dir='ltr' id='par_1_8' title="bbox 190 3150 1328 4272">
     <span class='ocr_line' id='line_1_23' title="bbox 235 3150 1325 3238; baseline -0.002 -22"><span class='ocrx_word' id='word_1_160' title='bbox 235 3151 434 3216; x_wconf 83' lang='lat' dir='ltr'><strong>Praeferenda</strong></span> <span class='ocrx_word' id='word_1_161' title='bbox 462 3153 579 3238; x_wconf 84' lang='lat' dir='ltr'><strong>igitur,</strong></span> <span class='ocrx_word' id='word_1_162' title='bbox 602 3154 675 3238; x_wconf 90' lang='lat' dir='ltr'><strong>quia</strong></span> <span class='ocrx_word' id='word_1_163' title='bbox 697 3152 811 3229; x_wconf 90' lang='lat' dir='ltr'><strong>lenior,</strong></span> <span class='ocrx_word' id='word_1_164' title='bbox 835 3151 911 3215; x_wconf 86' lang='lat' dir='ltr'><strong>hcec</strong></span> <span class='ocrx_word' id='word_1_165' title='bbox 935 3151 1089 3215; x_wconf 86' lang='lat' dir='ltr'><strong>medicina</strong></span> <span class='ocrx_word' id='word_1_166' title='bbox 1111 3150 1234 3215; x_wconf 86' lang='lat' dir='ltr'><strong>videtur</strong></span> <span class='ocrx_word' id='word_1_167' title='bbox 1257 3150 1325 3228; x_wconf 90' lang='lat' dir='ltr'><strong>illi,</strong></span> 
     </span>
     <span class='ocr_line' id='line_1_24' title="bbox 191 3262 1324 3356; baseline -0.003 -22"><span class='ocrx_word' id='word_1_168' title='bbox 191 3292 280 3356; x_wconf 87' lang='lat' dir='ltr'><strong>quam</strong></span> <span class='ocrx_word' id='word_1_169' title='bbox 293 3269 482 3354; x_wconf 85' lang='lat' dir='ltr'><strong>excogitavit</strong></span> <span class='ocrx_word' id='word_1_170' title='bbox 495 3268 629 3333; x_wconf 83' lang='lat' dir='ltr'><strong>Cobetus</strong></span> <span class='ocrx_word' id='word_1_171' title='bbox 641 3291 668 3333; x_wconf 87' lang='lat' dir='ltr'><strong>v.</strong></span> <span class='ocrx_word' id='word_1_172' title='bbox 683 3268 721 3333; x_wconf 90' lang='lat' dir='ltr'><strong>cl.</strong></span> <span class='ocrx_word' id='word_1_173' title='bbox 735 3270 850 3334; x_wconf 89' lang='lat' dir='ltr'><strong>Mnem.</strong></span> <span class='ocrx_word' id='word_1_174' title='bbox 860 3267 911 3332; x_wconf 91' lang='lat' dir='ltr'><strong>IX</strong></span> <span class='ocrx_word' id='word_1_175' title='bbox 930 3289 957 3352; x_wconf 89' lang='lat' dir='ltr'><strong>p.</strong></span> <span class='ocrx_word' id='word_1_176' title='bbox 973 3270 1050 3344; x_wconf 88' lang='lat'>119,</span> <span class='ocrx_word' id='word_1_177' title='bbox 1075 3264 1128 3329; x_wconf 90' lang='lat' dir='ltr'><strong>ubi</strong></span> <span class='ocrx_word' id='word_1_178' title='bbox 1141 3265 1187 3328; x_wconf 90' lang='lat' dir='ltr'><strong>sic</strong></span> <span class='ocrx_word' id='word_1_179' title='bbox 1199 3262 1324 3331; x_wconf 80' lang='lat' dir='ltr'><strong>scribit:</strong></span> 
     </span>
     <span class='ocr_line' id='line_1_25' title="bbox 190 3381 1326 3469; baseline -0.004 -19"><span class='ocrx_word' id='word_1_180' title='bbox 190 3389 355 3469; x_wconf 70' lang='lat' dir='ltr'><em>Supererat</em></span> <span class='ocrx_word' id='word_1_181' title='bbox 390 3384 558 3446; x_wconf 58' lang='grc' dir='ltr'><strong>ΕΥΜΗ</strong></span> <span class='ocrx_word' id='word_1_182' title='bbox 579 3389 808 3462; x_wconf 82' lang='grc' dir='ltr'><em>ΕΚΤΗΣΑΤ,</em></span> <span class='ocrx_word' id='word_1_183' title='bbox 842 3385 925 3468; x_wconf 80' lang='lat' dir='ltr'><strong>quod</strong></span> <span class='ocrx_word' id='word_1_184' title='bbox 949 3383 1047 3447; x_wconf 79' lang='lat' dir='ltr'><strong>stulte</strong></span> <span class='ocrx_word' id='word_1_185' title='bbox 1068 3381 1203 3464; x_wconf 70' lang='lat' dir='ltr'><strong>explevit</strong></span> <span class='ocrx_word' id='word_1_186' title='bbox 1229 3386 1326 3446; x_wconf 75' lang='lat' dir='ltr'><strong>Grac·</strong></span> 
     </span>
     <span class='ocr_line' id='line_1_26' title="bbox 191 3485 1326 3585; baseline -0.005 -20"><span class='ocrx_word' id='word_1_187' title='bbox 191 3501 288 3565; x_wconf 80' lang='lat' dir='ltr'><strong>cutus.</strong></span> <span class='ocrx_word' id='word_1_188' title='bbox 323 3498 543 3561; x_wconf 80' lang='lat' dir='ltr'><strong>Admoncimcr</strong></span> <span class='ocrx_word' id='word_1_189' title='bbox 564 3498 628 3560; x_wconf 84' lang='grc' dir='ltr'><strong><em>νὀνκ</em></strong></span> <span class='ocrx_word' id='word_1_190' title='bbox 650 3505 722 3561; x_wconf 79' lang='lat' dir='ltr'><strong>ante</strong></span> <span class='ocrx_word' id='word_1_191' title='bbox 745 3487 894 3576; x_wconf 76' lang='grc' dir='ltr'><strong><em>εὐδοξίαν</em></strong></span> <span class='ocrx_word' id='word_1_192' title='bbox 916 3485 1060 3585; x_wconf 76' lang='grc' dir='ltr'><strong><em>ἐκτήσατ’</em></strong></span> <span class='ocrx_word' id='word_1_193' title='bbox 1083 3517 1148 3558; x_wconf 79' lang='lat' dir='ltr'><strong>ecee</strong></span> <span class='ocrx_word' id='word_1_194' title='bbox 1178 3498 1274 3579; x_wconf 77' lang='lat' dir='ltr'><strong>suppl</strong></span> <span class='ocrx_word' id='word_1_195' title='bbox 1312 3534 1326 3544; x_wconf 97' lang='lat'>-</span> 
     </span>
     <span class='ocr_line' id='line_1_27' title="bbox 192 3608 1326 3696; baseline -0.003 -18"><span class='ocrx_word' id='word_1_196' title='bbox 192 3617 276 3678; x_wconf 39' lang='lat' dir='ltr'><strong>dana*</strong></span> <span class='ocrx_word' id='word_1_197' title='bbox 291 3612 468 3676; x_wconf 85' lang='lat' dir='ltr'><strong>Videndum</strong></span> <span class='ocrx_word' id='word_1_198' title='bbox 492 3617 613 3688; x_wconf 84' lang='lat' dir='ltr'><strong>tamen,</strong></span> <span class='ocrx_word' id='word_1_199' title='bbox 641 3633 680 3675; x_wconf 88' lang='lat' dir='ltr'><strong>ne</strong></span> <span class='ocrx_word' id='word_1_200' title='bbox 706 3611 748 3674; x_wconf 83' lang='lat' dir='ltr'><strong>eit</strong></span> <span class='ocrx_word' id='word_1_201' title='bbox 771 3609 975 3696; x_wconf 85' lang='lat' dir='ltr'><strong>periculosius</strong></span> <span class='ocrx_word' id='word_1_202' title='bbox 998 3611 1094 3674; x_wconf 91' lang='lat' dir='ltr'><strong>eidem</strong></span> <span class='ocrx_word' id='word_1_203' title='bbox 1118 3608 1237 3674; x_wconf 91' lang='lat' dir='ltr'><strong>homini</strong></span> <span class='ocrx_word' id='word_1_204' title='bbox 1261 3633 1326 3675; x_wconf 91' lang='lat' dir='ltr'><strong>eam</strong></span> 
     </span>
     <span class='ocr_line' id='line_1_28' title="bbox 192 3716 1328 3813; baseline -0.006 -18"><span class='ocrx_word' id='word_1_205' title='bbox 192 3730 328 3796; x_wconf 87' lang='lat' dir='ltr'><strong>tribuere</strong></span> <span class='ocrx_word' id='word_1_206' title='bbox 350 3728 552 3813; x_wconf 79' lang='lat' dir='ltr'><strong>imperitiam,</strong></span> <span class='ocrx_word' id='word_1_207' title='bbox 577 3732 612 3790; x_wconf 92' lang='lat' dir='ltr'><strong>ut</strong></span> <span class='ocrx_word' id='word_1_208' title='bbox 627 3724 739 3790; x_wconf 81' lang='lat' dir='ltr'><strong>stolide</strong></span> <span class='ocrx_word' id='word_1_209' title='bbox 763 3725 861 3812; x_wconf 82' lang='lat' dir='ltr'><strong>fingat</strong></span> <span class='ocrx_word' id='word_1_210' title='bbox 883 3724 1016 3802; x_wconf 90' lang='lat' dir='ltr'><strong>verbum,</strong></span> <span class='ocrx_word' id='word_1_211' title='bbox 1033 3724 1121 3809; x_wconf 87' lang='lat' dir='ltr'><strong>quale</strong></span> <span class='ocrx_word' id='word_1_212' title='bbox 1134 3730 1180 3788; x_wconf 84' lang='lat' dir='ltr'><strong>est</strong></span> <span class='ocrx_word' id='word_1_213' title='bbox 1202 3716 1328 3810; x_wconf 82' lang='grc' dir='ltr'><strong><em>εἰσκτή-</em></strong></span> 
     </span>
     <span class='ocr_line' id='line_1_29' title="bbox 196 3839 1326 3925; baseline -0.005 -17"><span class='ocrx_word' id='word_1_214' title='bbox 196 3848 325 3925; x_wconf 89' lang='grc' dir='ltr'><strong><em>σασθαι,</em></strong></span> <span class='ocrx_word' id='word_1_215' title='bbox 346 3852 376 3909; x_wconf 90' lang='lat' dir='ltr'><strong>et</strong></span> <span class='ocrx_word' id='word_1_216' title='bbox 395 3841 488 3908; x_wconf 91' lang='lat' dir='ltr'><strong>simul</strong></span> <span class='ocrx_word' id='word_1_217' title='bbox 519 3843 594 3907; x_wconf 82' lang='lat' dir='ltr'><strong>satis</strong></span> <span class='ocrx_word' id='word_1_218' title='bbox 624 3841 792 3920; x_wconf 83' lang='lat' dir='ltr'><strong>acuminis,</strong></span> <span class='ocrx_word' id='word_1_219' title='bbox 826 3846 862 3905; x_wconf 90' lang='lat' dir='ltr'><strong>ut</strong></span> <span class='ocrx_word' id='word_1_220' title='bbox 889 3839 1085 3916; x_wconf 83' lang='lat' dir='ltr'><strong>vocabulum,</strong></span> <span class='ocrx_word' id='word_1_221' title='bbox 1109 3840 1192 3924; x_wconf 92' lang='lat' dir='ltr'><strong>quod</strong></span> <span class='ocrx_word' id='word_1_222' title='bbox 1215 3863 1234 3904; x_wconf 91' lang='lat' dir='ltr'><strong>a</strong></span> <span class='ocrx_word' id='word_1_223' title='bbox 1256 3862 1326 3904; x_wconf 84' lang='lat' dir='ltr'><strong>sen-</strong></span> 
     </span>
     <span class='ocr_line' id='line_1_30' title="bbox 193 3953 1326 4044; baseline -0.004 -22"><span class='ocrx_word' id='word_1_224' title='bbox 193 3960 292 4023; x_wconf 80' lang='lat' dir='ltr'><strong>tentie</strong></span> <span class='ocrx_word' id='word_1_225' title='bbox 314 3958 495 4044; x_wconf 86' lang='lat' dir='ltr'><strong>requiretur,</strong></span> <span class='ocrx_word' id='word_1_226' title='bbox 520 3981 556 4022; x_wconf 87' lang='lat' dir='ltr'><strong>ex</strong></span> <span class='ocrx_word' id='word_1_227' title='bbox 579 3957 705 4044; x_wconf 87' lang='lat' dir='ltr'><strong>ingenio</strong></span> <span class='ocrx_word' id='word_1_228' title='bbox 728 3956 826 4042; x_wconf 87' lang='lat' dir='ltr'><strong>possit</strong></span> <span class='ocrx_word' id='word_1_229' title='bbox 850 3953 991 4040; x_wconf 86' lang='lat' dir='ltr'><strong>supplere</strong></span> <span class='ocrx_word' id='word_1_230' title='bbox 1013 3954 1106 4038; x_wconf 85' lang='lat' dir='ltr'><strong>idque</strong></span> <span class='ocrx_word' id='word_1_231' title='bbox 1130 3955 1208 4034; x_wconf 87' lang='lat' dir='ltr'><strong>tale,</strong></span> <span class='ocrx_word' id='word_1_232' title='bbox 1233 3953 1326 4040; x_wconf 84' lang='lat' dir='ltr'><strong>quale</strong></span> 
     </span>
     <span class='ocr_line' id='line_1_31' title="bbox 194 4066 1327 4160; baseline -0.005 -21"><span class='ocrx_word' id='word_1_233' title='bbox 194 4080 240 4140; x_wconf 88' lang='lat' dir='ltr'><strong>est</strong></span> <span class='ocrx_word' id='word_1_234' title='bbox 252 4066 392 4153; x_wconf 70' lang='lat' dir='ltr'><strong>arietata,</strong></span> <span class='ocrx_word' id='word_1_235' title='bbox 406 4074 560 4160; x_wconf 87' lang='lat' dir='ltr'><strong>poeticum</strong></span> <span class='ocrx_word' id='word_1_236' title='bbox 573 4079 603 4137; x_wconf 89' lang='lat' dir='ltr'><strong>et</strong></span> <span class='ocrx_word' id='word_1_237' title='bbox 615 4089 739 4159; x_wconf 84' lang='lat' dir='ltr'><strong>prorsus</strong></span> <span class='ocrx_word' id='word_1_238' title='bbox 751 4070 961 4157; x_wconf 83' lang='lat' dir='ltr'><strong>Euripideum.</strong></span> <span class='ocrx_word' id='word_1_239' title='bbox 985 4068 1096 4135; x_wconf 81' lang='lat' dir='ltr'><strong>Utitur</strong></span> <span class='ocrx_word' id='word_1_240' title='bbox 1120 4093 1148 4136; x_wconf 88' lang='lat' dir='ltr'><strong>v.</strong></span> <span class='ocrx_word' id='word_1_241' title='bbox 1173 4093 1199 4134; x_wconf 90' lang='lat' dir='ltr'><strong>c.</strong></span> <span class='ocrx_word' id='word_1_242' title='bbox 1221 4074 1327 4135; x_wconf 87' lang='lat' dir='ltr'><strong>noster</strong></span> 
     </span>
     <span class='ocr_line' id='line_1_32' title="bbox 194 4185 1327 4272; baseline -0.006 -18"><span class='ocrx_word' id='word_1_243' title='bbox 194 4213 229 4255; x_wconf 90' lang='lat' dir='ltr'><strong>eo</strong></span> <span class='ocrx_word' id='word_1_244' title='bbox 262 4190 512 4254; x_wconf 80' lang='lat' dir='ltr'><strong>substantivum</strong></span> <span class='ocrx_word' id='word_1_245' title='bbox 545 4189 697 4252; x_wconf 85' lang='lat' dir='ltr'><strong>sententia</strong></span> <span class='ocrx_word' id='word_1_246' title='bbox 728 4186 817 4272; x_wconf 89' lang='lat' dir='ltr'><strong>plane</strong></span> <span class='ocrx_word' id='word_1_247' title='bbox 848 4185 951 4250; x_wconf 87' lang='lat' dir='ltr'><strong>ecdem</strong></span> <span class='ocrx_word' id='word_1_248' title='bbox 983 4187 1017 4249; x_wconf 93' lang='lat' dir='ltr'><strong>in</strong></span> <span class='ocrx_word' id='word_1_249' title='bbox 1051 4186 1245 4250; x_wconf 79' lang='lat' dir='ltr'><strong>Andromeda</strong></span> <span class='ocrx_word' id='word_1_250' title='bbox 1278 4204 1327 4270; x_wconf 89' lang='lat' dir='ltr'><strong>ap.</strong></span> 
     </span>
    </p>
   </div>
   <div class='ocr_carea' id='block_1_6' title="bbox 197 4299 628 4381">
    <p class='ocr_par' dir='ltr' id='par_1_9' title="bbox 197 4299 628 4381">
     <span class='ocr_line' id='line_1_33' title="bbox 197 4299 628 4381; baseline -0.007 -11"><span class='ocrx_word' id='word_1_251' title='bbox 197 4299 282 4370; x_wconf 77' lang='lat' dir='ltr'><strong>Stob.</strong></span> <span class='ocrx_word' id='word_1_252' title='bbox 305 4304 387 4370; x_wconf 74' lang='lat' dir='ltr'><strong>Flet.</strong></span> <span class='ocrx_word' id='word_1_253' title='bbox 410 4304 544 4381; x_wconf 88' lang='lat' dir='ltr'>XXIX,</span> <span class='ocrx_word' id='word_1_254' title='bbox 569 4307 628 4369; x_wconf 79' lang='lat'><strong>30:</strong></span> 
     </span>
    </p>
   </div>
   <div class='ocr_carea' id='block_1_7' title="bbox 263 4408 1107 4499">
    <p class='ocr_par' dir='ltr' id='par_1_10' title="bbox 263 4408 1107 4499">
     <span class='ocr_line' id='line_1_34' title="bbox 263 4408 1107 4499; baseline -0.007 -17"><span class='ocrx_word' id='word_1_255' title='bbox 263 4462 265 4466; x_wconf 30' lang='grc' dir='ltr'><strong><em>ι</em></strong></span> <span class='ocrx_word' id='word_1_256' title='bbox 382 4411 526 4483; x_wconf 73' lang='grc' dir='ltr'><strong><em>εὔκλειαν</em></strong></span> <span class='ocrx_word' id='word_1_257' title='bbox 544 4413 661 4499; x_wconf 79' lang='grc' dir='ltr'><strong><em>ἔλαβον</em></strong></span> <span class='ocrx_word' id='word_1_258' title='bbox 676 4410 731 4482; x_wconf 75' lang='grc' dir='ltr'><strong>οὐκ</strong></span> <span class='ocrx_word' id='word_1_259' title='bbox 751 4408 826 4481; x_wconf 75' lang='grc' dir='ltr'><strong><em>λίνεα</em></strong></span> <span class='ocrx_word' id='word_1_260' title='bbox 847 4414 975 4480; x_wconf 79' lang='grc' dir='ltr'><strong><em>πολλῶν</em></strong></span> <span class='ocrx_word' id='word_1_261' title='bbox 993 4409 1107 4478; x_wconf 82' lang='grc' dir='ltr'><strong><em>πόνων.</em></strong></span> 
     </span>
    </p>
   </div>
   <div class='ocr_carea' id='block_1_8' title="bbox 0 0 1540 5264">
    <p class='ocr_par' dir='ltr' id='par_1_11' title="bbox 0 0 1540 5264">
     <span class='ocr_line' id='line_1_35' title="bbox 0 0 1540 5264; baseline 0 0"><span class='ocrx_word' id='word_1_262' title='bbox 0 0 1540 5264; x_wconf 95' lang='lat' dir='ltr'><strong> </strong></span> 
     </span>
    </p>
   </div>
  </div>
 </body>
</html>
