<?xml version="1.0" encoding="UTF-8"?>
<!DOCTYPE html PUBLIC "-//W3C//DTD XHTML 1.0 Transitional//EN"
    "http://www.w3.org/TR/xhtml1/DTD/xhtml1-transitional.dtd">
<html xmlns="http://www.w3.org/1999/xhtml" xml:lang="en" lang="en">
 <head>
  <title>
</title>
<meta http-equiv="Content-Type" content="text/html;charset=utf-8" />
  <meta name='ocr-system' content='tesseract 3.04.00' />
  <meta name='ocr-capabilities' content='ocr_page ocr_carea ocr_par ocr_line ocrx_word'/>
</head>
<body>
  <div class='ocr_page' id='page_1' title='image "./exercitationesc00herwgoog_0038.png"; bbox 0 0 3024 5264; ppageno 0'>
   <div class='ocr_carea' id='block_1_1' title="bbox 847 450 888 511">
    <p class='ocr_par' dir='ltr' id='par_1_1' title="bbox 847 450 888 511">
     <span class='ocr_line' id='line_1_1' title="bbox 847 450 888 511; baseline 0 0"><span class='ocrx_word' id='word_1_1' title='bbox 847 450 888 511; x_wconf 78' lang='lat'><strong>20</strong></span> 
     </span>
    </p>
   </div>
   <div class='ocr_carea' id='block_1_2' title="bbox 303 622 1441 942">
    <p class='ocr_par' dir='ltr' id='par_1_2' title="bbox 303 622 1441 942">
     <span class='ocr_line' id='line_1_2' title="bbox 303 622 1440 713; baseline 0.004 -26"><span class='ocrx_word' id='word_1_2' title='bbox 303 622 357 706; x_wconf 90' lang='lat' dir='ltr'><strong>qui</strong></span> <span class='ocrx_word' id='word_1_3' title='bbox 385 644 423 688; x_wconf 87' lang='lat' dir='ltr'><strong>ex</strong></span> <span class='ocrx_word' id='word_1_4' title='bbox 450 643 516 687; x_wconf 91' lang='lat' dir='ltr'><strong>mea</strong></span> <span class='ocrx_word' id='word_1_5' title='bbox 549 623 703 688; x_wconf 89' lang='lat' dir='ltr'><strong>sententia</strong></span> <span class='ocrx_word' id='word_1_6' title='bbox 741 623 842 688; x_wconf 90' lang='lat' dir='ltr'><strong>inesse</strong></span> <span class='ocrx_word' id='word_1_7' title='bbox 877 622 966 689; x_wconf 88' lang='lat' dir='ltr'><strong>debet</strong></span> <span class='ocrx_word' id='word_1_8' title='bbox 999 625 1173 712; x_wconf 86' lang='lat' dir='ltr'><strong>fragmento</strong></span> <span class='ocrx_word' id='word_1_9' title='bbox 1202 623 1366 713; x_wconf 80' lang='lat' dir='ltr'><strong>Sophoclis</strong></span> <span class='ocrx_word' id='word_1_10' title='bbox 1400 647 1440 692; x_wconf 85' lang='lat' dir='ltr'><strong>ex</strong></span> 
     </span>
     <span class='ocr_line' id='line_1_3' title="bbox 303 729 1441 828; baseline 0.001 -25"><span class='ocrx_word' id='word_1_11' title='bbox 303 739 473 826; x_wconf 77' lang='lat' dir='ltr'><strong>Danaeap.</strong></span> <span class='ocrx_word' id='word_1_12' title='bbox 490 739 578 805; x_wconf 85' lang='lat' dir='ltr'><strong>Suid.</strong></span> <span class='ocrx_word' id='word_1_13' title='bbox 600 739 633 806; x_wconf 91' lang='lat' dir='ltr'><strong>in</strong></span> <span class='ocrx_word' id='word_1_14' title='bbox 665 761 731 805; x_wconf 88' lang='lat' dir='ltr'><strong>voa.</strong></span> <span class='ocrx_word' id='word_1_15' title='bbox 754 743 906 827; x_wconf 82' lang='grc' dir='ltr'><strong><em>πεῖρα-</em></strong></span> <span class='ocrx_word' id='word_1_16' title='bbox 926 741 1029 828; x_wconf 83' lang='grc' dir='ltr'><strong><em>πεῖρα</em></strong></span> <span class='ocrx_word' id='word_1_17' title='bbox 1050 735 1088 804; x_wconf 83' lang='grc' dir='ltr'><strong>δὲ</strong></span> <span class='ocrx_word' id='word_1_18' title='bbox 1113 737 1168 804; x_wconf 80' lang='grc' dir='ltr'><strong>καί</strong></span> <span class='ocrx_word' id='word_1_19' title='bbox 1195 729 1215 828; x_wconf 80' lang='grc' dir='ltr'><em>ἦ</em></span> <span class='ocrx_word' id='word_1_20' title='bbox 1242 730 1365 828; x_wconf 74' lang='grc' dir='ltr'><strong><em>βλάβη,</em></strong></span> <span class='ocrx_word' id='word_1_21' title='bbox 1394 731 1441 815; x_wconf 71' lang='grc' dir='ltr'><strong>οἷς</strong></span> 
     </span>
     <span class='ocr_line' id='line_1_4' title="bbox 303 842 701 942; baseline 0 -25"><span class='ocrx_word' id='word_1_22' title='bbox 303 849 336 917; x_wconf 79' lang='grc' dir='ltr'><strong>ἓν</strong></span> <span class='ocrx_word' id='word_1_23' title='bbox 355 842 488 942; x_wconf 76' lang='grc' dir='ltr'><strong><em>Δανάῃ</em></strong></span> <span class='ocrx_word' id='word_1_24' title='bbox 511 851 701 942; x_wconf 81' lang='grc' dir='ltr'><strong><em>Σοφοκλῆς·</em></strong></span> 
     </span>
    </p>
   </div>
   <div class='ocr_carea' id='block_1_3' title="bbox 290 954 1492 3828">
    <p class='ocr_par' dir='ltr' id='par_1_3' title="bbox 347 954 1275 1257">
     <span class='ocr_line' id='line_1_5' title="bbox 458 954 1275 1063; baseline -0.007 -30"><span class='ocrx_word' id='word_1_25' title='bbox 458 956 516 1033; x_wconf 73' lang='grc' dir='ltr'><strong>οὖν</strong></span> <span class='ocrx_word' id='word_1_26' title='bbox 537 956 612 1032; x_wconf 81' lang='grc' dir='ltr'><strong><em>οἶδα</em></strong></span> <span class='ocrx_word' id='word_1_27' title='bbox 630 958 687 1054; x_wconf 77' lang='grc' dir='ltr'><strong>τήν</strong></span> <span class='ocrx_word' id='word_1_28' title='bbox 709 959 768 1053; x_wconf 73' lang='grc' dir='ltr'><strong>σήν</strong></span> <span class='ocrx_word' id='word_1_29' title='bbox 786 966 949 1063; x_wconf 61' lang='grc' dir='ltr'><strong><em>πεῖραν·</em></strong></span> <span class='ocrx_word' id='word_1_30' title='bbox 976 954 1059 1030; x_wconf 73' lang='grc' dir='ltr'><strong>ἓνδ</strong></span> <span class='ocrx_word' id='word_1_31' title='bbox 1080 961 1275 1048; x_wconf 72' lang='grc' dir='ltr'><strong><em>ἐπίσταμαι·</em></strong></span> 
     </span>
     <span class='ocr_line' id='line_1_6' title="bbox 456 1066 1165 1161; baseline 0.001 -21"><span class='ocrx_word' id='word_1_32' title='bbox 456 1077 516 1143; x_wconf 80' lang='grc' dir='ltr'><strong>τοῦ</strong></span> <span class='ocrx_word' id='word_1_33' title='bbox 536 1073 656 1152; x_wconf 83' lang='grc' dir='ltr'><strong><em>παιδός</em></strong></span> <span class='ocrx_word' id='word_1_34' title='bbox 678 1069 771 1153; x_wconf 76' lang='grc' dir='ltr'><strong><em>ὄντος</em></strong></span> <span class='ocrx_word' id='word_1_35' title='bbox 792 1067 879 1142; x_wconf 79' lang='grc' dir='ltr'><strong><em>τοῦδ’</em></strong></span> <span class='ocrx_word' id='word_1_36' title='bbox 901 1070 963 1161; x_wconf 75' lang='grc' dir='ltr'><strong>ἐγώ</strong></span> <span class='ocrx_word' id='word_1_37' title='bbox 984 1066 1165 1158; x_wconf 82' lang='grc' dir='ltr'><strong><em>διόλλυμαι.</em></strong></span> 
     </span>
     <span class='ocr_line' id='line_1_7' title="bbox 347 1189 1034 1257; baseline -0.003 -1"><span class='ocrx_word' id='word_1_38' title='bbox 347 1190 469 1256; x_wconf 87' lang='lat' dir='ltr'><strong>Deinde</strong></span> <span class='ocrx_word' id='word_1_39' title='bbox 500 1191 612 1257; x_wconf 83' lang='lat' dir='ltr'><strong>Suidas</strong></span> <span class='ocrx_word' id='word_1_40' title='bbox 636 1195 723 1257; x_wconf 84' lang='lat' dir='ltr'><strong>affert</strong></span> <span class='ocrx_word' id='word_1_41' title='bbox 746 1192 871 1256; x_wconf 90' lang='lat' dir='ltr'><strong>initium</strong></span> <span class='ocrx_word' id='word_1_42' title='bbox 900 1189 1034 1255; x_wconf 76' lang='lat' dir='ltr'><strong>Aiacis:</strong></span> 
     </span>
    </p>

    <p class='ocr_par' dir='ltr' id='par_1_4' title="bbox 457 1295 1165 1393">
     <span class='ocr_line' id='line_1_8' title="bbox 457 1295 1165 1393; baseline -0.004 -22"><span class='ocrx_word' id='word_1_43' title='bbox 457 1297 523 1371; x_wconf 77' lang='grc' dir='ltr'><strong>Ἀεὶ</strong></span> <span class='ocrx_word' id='word_1_44' title='bbox 544 1304 620 1388; x_wconf 81' lang='grc' dir='ltr'><strong><em>μίν,</em></strong></span> <span class='ocrx_word' id='word_1_45' title='bbox 643 1295 670 1370; x_wconf 83' lang='grc' dir='ltr'><em>ὦ</em></span> <span class='ocrx_word' id='word_1_46' title='bbox 691 1309 755 1371; x_wconf 84' lang='grc' dir='ltr'><strong>παῖ</strong></span> <span class='ocrx_word' id='word_1_47' title='bbox 772 1303 940 1393; x_wconf 81' lang='grc' dir='ltr'><strong><em>Λαρτίου,</em></strong></span> <span class='ocrx_word' id='word_1_48' title='bbox 964 1295 1103 1392; x_wconf 74' lang='grc' dir='ltr'><strong><em>δέδορκα</em></strong></span> <span class='ocrx_word' id='word_1_49' title='bbox 1126 1323 1165 1369; x_wconf 87' lang='lat' dir='ltr'><strong>oe</strong></span> 
     </span>
    </p>

    <p class='ocr_par' dir='ltr' id='par_1_5' title="bbox 290 1407 1492 3710">
     <span class='ocr_line' id='line_1_9' title="bbox 455 1407 1208 1506; baseline -0.001 -23"><span class='ocrx_word' id='word_1_50' title='bbox 455 1409 597 1505; x_wconf 80' lang='grc' dir='ltr'><strong><em>πεῖράν</em></strong></span> <span class='ocrx_word' id='word_1_51' title='bbox 616 1410 674 1483; x_wconf 78' lang='grc' dir='ltr'><strong><em>τιν’</em></strong></span> <span class='ocrx_word' id='word_1_52' title='bbox 695 1416 821 1506; x_wconf 76' lang='grc' dir='ltr'><strong><em>ἐχθρῶν</em></strong></span> <span class='ocrx_word' id='word_1_53' title='bbox 843 1408 993 1504; x_wconf 75' lang='grc' dir='ltr'><em>ἁρπάσαι</em></span> <span class='ocrx_word' id='word_1_54' title='bbox 1014 1407 1208 1504; x_wconf 80' lang='grc' dir='ltr'><strong><em>θηρώμενον.</em></strong></span> 
     </span>
     <span class='ocr_line' id='line_1_10' title="bbox 300 1528 1441 1626; baseline -0.002 -30"><span class='ocrx_word' id='word_1_55' title='bbox 300 1553 362 1618; x_wconf 93' lang='lat' dir='ltr'><strong>quo</strong></span> <span class='ocrx_word' id='word_1_56' title='bbox 385 1529 452 1596; x_wconf 85' lang='lat' dir='ltr'><strong>soil.</strong></span> <span class='ocrx_word' id='word_1_57' title='bbox 475 1531 724 1626; x_wconf 63' lang='lat' dir='ltr'><strong>probatioribus</strong></span> <span class='ocrx_word' id='word_1_58' title='bbox 750 1530 830 1618; x_wconf 89' lang='lat' dir='ltr'><strong>apud</strong></span> <span class='ocrx_word' id='word_1_59' title='bbox 867 1528 1050 1617; x_wconf 82' lang='lat' dir='ltr'>Sophoclem</span> <span class='ocrx_word' id='word_1_60' title='bbox 1075 1531 1231 1597; x_wconf 86' lang='lat' dir='ltr'><strong>interdum</strong></span> <span class='ocrx_word' id='word_1_61' title='bbox 1263 1530 1441 1618; x_wconf 83' lang='lat' dir='ltr'><strong>significare</strong></span> 
     </span>
     <span class='ocr_line' id='line_1_11' title="bbox 301 1638 1439 1733; baseline 0.001 -22"><span class='ocrx_word' id='word_1_62' title='bbox 301 1638 433 1728; x_wconf 75' lang='grc' dir='ltr'><strong><em>βλάβην.</em></strong></span> <span class='ocrx_word' id='word_1_63' title='bbox 469 1646 606 1725; x_wconf 81' lang='lat' dir='ltr'><strong>Verum,</strong></span> <span class='ocrx_word' id='word_1_64' title='bbox 637 1647 894 1733; x_wconf 79' lang='lat' dir='ltr'><strong>quemadmodum</strong></span> <span class='ocrx_word' id='word_1_65' title='bbox 925 1668 1014 1711; x_wconf 89' lang='lat' dir='ltr'><strong>nemo</strong></span> <span class='ocrx_word' id='word_1_66' title='bbox 1045 1645 1137 1713; x_wconf 90' lang='lat' dir='ltr'><strong>hodie</strong></span> <span class='ocrx_word' id='word_1_67' title='bbox 1167 1648 1201 1711; x_wconf 91' lang='lat' dir='ltr'><strong>in</strong></span> <span class='ocrx_word' id='word_1_68' title='bbox 1235 1647 1342 1712; x_wconf 83' lang='lat' dir='ltr'><strong>Aiacis</strong></span> <span class='ocrx_word' id='word_1_69' title='bbox 1369 1645 1439 1712; x_wconf 89' lang='lat' dir='ltr'><strong>loeo</strong></span> 
     </span>
     <span class='ocr_line' id='line_1_12' title="bbox 301 1761 1439 1851; baseline 0.002 -27"><span class='ocrx_word' id='word_1_70' title='bbox 301 1781 366 1824; x_wconf 87' lang='lat' dir='ltr'><strong>eam</strong></span> <span class='ocrx_word' id='word_1_71' title='bbox 411 1761 611 1850; x_wconf 81' lang='lat' dir='ltr'><strong>significandi</strong></span> <span class='ocrx_word' id='word_1_72' title='bbox 653 1767 835 1850; x_wconf 89' lang='lat' dir='ltr'><strong>potestatem</strong></span> <span class='ocrx_word' id='word_1_73' title='bbox 880 1762 1030 1828; x_wconf 82' lang='lat' dir='ltr'><strong>vocabulo</strong></span> <span class='ocrx_word' id='word_1_74' title='bbox 1063 1767 1164 1851; x_wconf 84' lang='grc' dir='ltr'><strong><em>πεῖρα</em></strong></span> <span class='ocrx_word' id='word_1_75' title='bbox 1197 1763 1357 1841; x_wconf 87' lang='lat' dir='ltr'><strong>tribuerit,</strong></span> <span class='ocrx_word' id='word_1_76' title='bbox 1392 1764 1439 1827; x_wconf 87' lang='lat' dir='ltr'><strong>sie</strong></span> 
     </span>
     <span class='ocr_line' id='line_1_13' title="bbox 302 1875 1439 1967; baseline 0.003 -28"><span class='ocrx_word' id='word_1_77' title='bbox 302 1875 423 1942; x_wconf 84' lang='lat' dir='ltr'><strong>Danaes</strong></span> <span class='ocrx_word' id='word_1_78' title='bbox 453 1879 627 1966; x_wconf 84' lang='lat' dir='ltr'><strong>fragmento</strong></span> <span class='ocrx_word' id='word_1_79' title='bbox 665 1901 728 1943; x_wconf 92' lang='lat' dir='ltr'><strong>non</strong></span> <span class='ocrx_word' id='word_1_80' title='bbox 757 1882 856 1967; x_wconf 88' lang='lat' dir='ltr'><strong>magis</strong></span> <span class='ocrx_word' id='word_1_81' title='bbox 891 1878 971 1944; x_wconf 91' lang='lat' dir='ltr'><strong>idem</strong></span> <span class='ocrx_word' id='word_1_82' title='bbox 1008 1878 1213 1944; x_wconf 88' lang='lat' dir='ltr'><strong>demonstrari</strong></span> <span class='ocrx_word' id='word_1_83' title='bbox 1247 1901 1335 1966; x_wconf 86' lang='lat' dir='ltr'><strong>posse</strong></span> <span class='ocrx_word' id='word_1_84' title='bbox 1367 1884 1439 1943; x_wconf 92' lang='lat' dir='ltr'><strong>tuto</strong></span> 
     </span>
     <span class='ocr_line' id='line_1_14' title="bbox 300 1994 1440 2081; baseline 0.003 -26"><span class='ocrx_word' id='word_1_85' title='bbox 300 1997 478 2060; x_wconf 88' lang='lat' dir='ltr'><strong>statuemus.</strong></span> <span class='ocrx_word' id='word_1_86' title='bbox 502 1995 590 2069; x_wconf 75' lang='lat' dir='ltr'><strong>Quae</strong></span> <span class='ocrx_word' id='word_1_87' title='bbox 621 2000 722 2060; x_wconf 86' lang='lat' dir='ltr'><strong>autern</strong></span> <span class='ocrx_word' id='word_1_88' title='bbox 747 1997 790 2061; x_wconf 89' lang='lat' dir='ltr'><strong>sit</strong></span> <span class='ocrx_word' id='word_1_89' title='bbox 813 1995 857 2060; x_wconf 92' lang='lat' dir='ltr'><strong>ibi</strong></span> <span class='ocrx_word' id='word_1_90' title='bbox 892 1994 985 2061; x_wconf 88' lang='lat' dir='ltr'><strong>huius</strong></span> <span class='ocrx_word' id='word_1_91' title='bbox 1018 1995 1208 2061; x_wconf 79' lang='lat' dir='ltr'><strong>substantivi</strong></span> <span class='ocrx_word' id='word_1_92' title='bbox 1242 1997 1299 2060; x_wconf 84' lang='lat' dir='ltr'><strong>vis·</strong></span> <span class='ocrx_word' id='word_1_93' title='bbox 1323 1995 1440 2081; x_wconf 91' lang='lat' dir='ltr'><strong>optime</strong></span> 
     </span>
     <span class='ocr_line' id='line_1_15' title="bbox 299 2107 1438 2203; baseline 0.003 -31"><span class='ocrx_word' id='word_1_94' title='bbox 299 2107 512 2197; x_wconf 83' lang='lat' dir='ltr'><strong>intelligemus</strong></span> <span class='ocrx_word' id='word_1_95' title='bbox 535 2115 713 2198; x_wconf 86' lang='lat' dir='ltr'><strong>reputantes</strong></span> <span class='ocrx_word' id='word_1_96' title='bbox 735 2113 826 2176; x_wconf 84' lang='grc' dir='ltr'><strong><em>οινδα</em></strong></span> <span class='ocrx_word' id='word_1_97' title='bbox 849 2135 914 2178; x_wconf 89' lang='lat' dir='ltr'><strong>esse</strong></span> <span class='ocrx_word' id='word_1_98' title='bbox 942 2113 1061 2177; x_wconf 73' lang='lat' dir='ltr'><strong>Acrisii</strong></span> <span class='ocrx_word' id='word_1_99' title='bbox 1087 2113 1132 2177; x_wconf 87' lang='grc' dir='ltr'><strong>αδ</strong></span> <span class='ocrx_word' id='word_1_100' title='bbox 1153 2112 1260 2203; x_wconf 80' lang='lat' dir='ltr'><strong>filiam</strong></span> <span class='ocrx_word' id='word_1_101' title='bbox 1287 2113 1438 2197; x_wconf 77' lang='grc' dir='ltr'><strong><em>Ιλαιιαὲιι,</em></strong></span> 
     </span>
     <span class='ocr_line' id='line_1_16' title="bbox 294 2227 1439 2314; baseline 0.002 -26"><span class='ocrx_word' id='word_1_102' title='bbox 294 2232 459 2312; x_wconf 75' lang='lat' dir='ltr'><strong>postquam</strong></span> <span class='ocrx_word' id='word_1_103' title='bbox 494 2230 569 2292; x_wconf 81' lang='grc' dir='ltr'><strong><em>λιιι</em></strong></span> <span class='ocrx_word' id='word_1_104' title='bbox 608 2228 755 2294; x_wconf 65' lang='lat' dir='ltr'><strong>Peraeam</strong></span> <span class='ocrx_word' id='word_1_105' title='bbox 786 2229 848 2293; x_wconf 85' lang='grc' dir='ltr'><strong><em>ιὐνι</em></strong></span> <span class='ocrx_word' id='word_1_106' title='bbox 880 2229 973 2294; x_wconf 81' lang='grc' dir='ltr'><strong><em>ιιιίνα</em></strong></span> <span class='ocrx_word' id='word_1_107' title='bbox 1002 2236 1066 2307; x_wconf 77' lang='lat' dir='ltr'><strong>ert,</strong></span> <span class='ocrx_word' id='word_1_108' title='bbox 1107 2227 1189 2314; x_wconf 91' lang='lat' dir='ltr'><strong>quod</strong></span> <span class='ocrx_word' id='word_1_109' title='bbox 1220 2227 1290 2293; x_wconf 84' lang='lat' dir='ltr'><strong>luae</strong></span> <span class='ocrx_word' id='word_1_110' title='bbox 1324 2227 1439 2293; x_wconf 84' lang='lat' dir='ltr'><strong>elarius</strong></span> 
     </span>
     <span class='ocr_line' id='line_1_17' title="bbox 301 2336 1440 2433; baseline 0.003 -29"><span class='ocrx_word' id='word_1_111' title='bbox 301 2346 424 2427; x_wconf 88' lang='lat' dir='ltr'><strong>apparet</strong></span> <span class='ocrx_word' id='word_1_112' title='bbox 452 2365 492 2408; x_wconf 86' lang='lat' dir='ltr'><strong>ex</strong></span> <span class='ocrx_word' id='word_1_113' title='bbox 519 2364 607 2431; x_wconf 88' lang='lat' dir='ltr'><strong>pron.</strong></span> <span class='ocrx_word' id='word_1_114' title='bbox 634 2336 733 2407; x_wconf 77' lang='grc' dir='ltr'><strong><em>τοῦδ’.</em></strong></span> <span class='ocrx_word' id='word_1_115' title='bbox 767 2345 875 2410; x_wconf 83' lang='lat' dir='ltr'><strong>Sumta</strong></span> <span class='ocrx_word' id='word_1_116' title='bbox 910 2350 984 2410; x_wconf 89' lang='lat' dir='ltr'><strong>sunt</strong></span> <span class='ocrx_word' id='word_1_117' title='bbox 1014 2345 1113 2433; x_wconf 89' lang='lat' dir='ltr'><strong>igitur</strong></span> <span class='ocrx_word' id='word_1_118' title='bbox 1148 2366 1164 2409; x_wconf 93' lang='lat' dir='ltr'><strong>e</strong></span> <span class='ocrx_word' id='word_1_119' title='bbox 1199 2343 1323 2432; x_wconf 87' lang='lat' dir='ltr'><strong>dialogo</strong></span> <span class='ocrx_word' id='word_1_120' title='bbox 1356 2344 1440 2408; x_wconf 85' lang='lat' dir='ltr'><strong>inter</strong></span> 
     </span>
     <span class='ocr_line' id='line_1_18' title="bbox 298 2457 1439 2545; baseline 0.004 -25"><span class='ocrx_word' id='word_1_121' title='bbox 298 2463 415 2542; x_wconf 86' lang='lat' dir='ltr'><strong>patrem</strong></span> <span class='ocrx_word' id='word_1_122' title='bbox 436 2465 467 2524; x_wconf 86' lang='lat' dir='ltr'><strong>et</strong></span> <span class='ocrx_word' id='word_1_123' title='bbox 484 2458 588 2526; x_wconf 87' lang='lat' dir='ltr'><strong>filiam.</strong></span> <span class='ocrx_word' id='word_1_124' title='bbox 615 2459 675 2525; x_wconf 92' lang='lat' dir='ltr'><strong>Ille</strong></span> <span class='ocrx_word' id='word_1_125' title='bbox 701 2459 812 2526; x_wconf 88' lang='lat' dir='ltr'><strong>Perseo</strong></span> <span class='ocrx_word' id='word_1_126' title='bbox 838 2461 976 2526; x_wconf 88' lang='lat' dir='ltr'><strong>minitari</strong></span> <span class='ocrx_word' id='word_1_127' title='bbox 1001 2465 1130 2526; x_wconf 86' lang='lat' dir='ltr'><strong>mortam</strong></span> <span class='ocrx_word' id='word_1_128' title='bbox 1155 2460 1321 2545; x_wconf 89' lang='lat' dir='ltr'><strong>multisque</strong></span> <span class='ocrx_word' id='word_1_129' title='bbox 1344 2457 1439 2524; x_wconf 91' lang='lat' dir='ltr'><strong>simul</strong></span> 
     </span>
     <span class='ocr_line' id='line_1_19' title="bbox 299 2573 1438 2664; baseline 0.001 -26"><span class='ocrx_word' id='word_1_130' title='bbox 299 2573 428 2641; x_wconf 76' lang='lat' dir='ltr'><strong>Danaen</strong></span> <span class='ocrx_word' id='word_1_131' title='bbox 463 2577 622 2664; x_wconf 87' lang='lat' dir='ltr'><strong>opprobiis</strong></span> <span class='ocrx_word' id='word_1_132' title='bbox 660 2577 833 2664; x_wconf 87' lang='lat' dir='ltr'><strong>inerepare,</strong></span> <span class='ocrx_word' id='word_1_133' title='bbox 871 2578 954 2664; x_wconf 91' lang='lat' dir='ltr'><strong>quod</strong></span> <span class='ocrx_word' id='word_1_134' title='bbox 986 2577 1048 2643; x_wconf 88' lang='lat' dir='ltr'><strong>vim</strong></span> <span class='ocrx_word' id='word_1_135' title='bbox 1077 2576 1138 2642; x_wconf 88' lang='lat' dir='ltr'><strong>sibi</strong></span> <span class='ocrx_word' id='word_1_136' title='bbox 1170 2575 1235 2643; x_wconf 87' lang='lat' dir='ltr'><strong>fieri</strong></span> <span class='ocrx_word' id='word_1_137' title='bbox 1267 2597 1355 2662; x_wconf 89' lang='lat' dir='ltr'><strong>passa</strong></span> <span class='ocrx_word' id='word_1_138' title='bbox 1385 2575 1438 2640; x_wconf 88' lang='lat' dir='ltr'><strong>sit.</strong></span> 
     </span>
     <span class='ocr_line' id='line_1_20' title="bbox 299 2690 1438 2782; baseline -0.001 -26"><span class='ocrx_word' id='word_1_139' title='bbox 299 2691 385 2756; x_wconf 88' lang='lat' dir='ltr'><strong>Haeo</strong></span> <span class='ocrx_word' id='word_1_140' title='bbox 407 2713 529 2759; x_wconf 85' lang='lat' dir='ltr'><strong>narrare</strong></span> <span class='ocrx_word' id='word_1_141' title='bbox 545 2694 567 2758; x_wconf 89' lang='lat' dir='ltr'><strong>J</strong></span> <span class='ocrx_word' id='word_1_142' title='bbox 568 2694 635 2758; x_wconf 86' lang='lat' dir='ltr'><strong>ovis</strong></span> <span class='ocrx_word' id='word_1_143' title='bbox 651 2693 835 2773; x_wconf 83' lang='lat' dir='ltr'><strong>artificium,</strong></span> <span class='ocrx_word' id='word_1_144' title='bbox 846 2716 907 2781; x_wconf 90' lang='lat' dir='ltr'><strong>quo</strong></span> <span class='ocrx_word' id='word_1_145' title='bbox 920 2695 968 2760; x_wconf 90' lang='lat' dir='ltr'><strong>sui</strong></span> <span class='ocrx_word' id='word_1_146' title='bbox 981 2694 1040 2761; x_wconf 89' lang='lat' dir='ltr'><strong>sibi</strong></span> <span class='ocrx_word' id='word_1_147' title='bbox 1056 2695 1174 2782; x_wconf 85' lang='lat' dir='ltr'><strong>copiam</strong></span> <span class='ocrx_word' id='word_1_148' title='bbox 1188 2693 1295 2757; x_wconf 89' lang='lat' dir='ltr'><strong>feeerit</strong></span> <span class='ocrx_word' id='word_1_149' title='bbox 1307 2696 1338 2756; x_wconf 89' lang='lat' dir='ltr'><strong>et</strong></span> <span class='ocrx_word' id='word_1_150' title='bbox 1349 2690 1438 2756; x_wconf 89' lang='lat' dir='ltr'><strong>obse·</strong></span> 
     </span>
     <span class='ocr_line' id='line_1_21' title="bbox 299 2806 1492 2897; baseline -0.003 -23"><span class='ocrx_word' id='word_1_151' title='bbox 299 2831 382 2875; x_wconf 87' lang='lat' dir='ltr'><strong>orare</strong></span> <span class='ocrx_word' id='word_1_152' title='bbox 400 2815 528 2897; x_wconf 89' lang='lat' dir='ltr'><strong>patrem,</strong></span> <span class='ocrx_word' id='word_1_153' title='bbox 549 2816 586 2876; x_wconf 88' lang='lat' dir='ltr'><strong>ut</strong></span> <span class='ocrx_word' id='word_1_154' title='bbox 604 2833 642 2875; x_wconf 90' lang='lat' dir='ltr'><strong>ne</strong></span> <span class='ocrx_word' id='word_1_155' title='bbox 661 2811 814 2875; x_wconf 85' lang='lat' dir='ltr'><strong>insontem</strong></span> <span class='ocrx_word' id='word_1_156' title='bbox 838 2810 967 2876; x_wconf 90' lang='lat' dir='ltr'><strong>filiolum</strong></span> <span class='ocrx_word' id='word_1_157' title='bbox 991 2812 1158 2877; x_wconf 84' lang='lat' dir='ltr'><strong>interimat.</strong></span> <span class='ocrx_word' id='word_1_158' title='bbox 1182 2809 1280 2875; x_wconf 85' lang='lat' dir='ltr'><strong>Ouios</strong></span> <span class='ocrx_word' id='word_1_159' title='bbox 1292 2806 1437 2896; x_wconf 87' lang='lat' dir='ltr'><strong>precibus</strong></span> <span class='ocrx_word' id='word_1_160' title='bbox 1490 2813 1492 2816; x_wconf 50' lang='lat'><em>⁴</em></span> 
     </span>
     <span class='ocr_line' id='line_1_22' title="bbox 296 2925 1437 3015; baseline -0.002 -25"><span class='ocrx_word' id='word_1_161' title='bbox 296 2946 486 3013; x_wconf 88' lang='lat' dir='ltr'><strong>nequaquam</strong></span> <span class='ocrx_word' id='word_1_162' title='bbox 511 2927 659 2993; x_wconf 90' lang='lat' dir='ltr'><strong>delinitus</strong></span> <span class='ocrx_word' id='word_1_163' title='bbox 682 2927 844 3002; x_wconf 82' lang='lat' dir='ltr'><strong>Acrisius,</strong></span> <span class='ocrx_word' id='word_1_164' title='bbox 867 2933 899 2993; x_wconf 86' lang='lat' dir='ltr'><strong>et</strong></span> <span class='ocrx_word' id='word_1_165' title='bbox 921 2950 1028 3015; x_wconf 88' lang='lat' dir='ltr'><strong>parum</strong></span> <span class='ocrx_word' id='word_1_166' title='bbox 1051 2928 1123 2992; x_wconf 86' lang='lat' dir='ltr'><strong>fidei</strong></span> <span class='ocrx_word' id='word_1_167' title='bbox 1147 2925 1261 2991; x_wconf 89' lang='lat' dir='ltr'><strong>habens</strong></span> <span class='ocrx_word' id='word_1_168' title='bbox 1284 2945 1437 2990; x_wconf 87' lang='lat' dir='ltr'><strong>assevera-</strong></span> 
     </span>
     <span class='ocr_line' id='line_1_23' title="bbox 296 3032 1438 3132; baseline 0.001 -27"><span class='ocrx_word' id='word_1_169' title='bbox 296 3041 377 3106; x_wconf 90' lang='lat' dir='ltr'><strong>tioni</strong></span> <span class='ocrx_word' id='word_1_170' title='bbox 400 3042 481 3109; x_wconf 87' lang='lat' dir='ltr'><strong>filiae</strong></span> <span class='ocrx_word' id='word_1_171' title='bbox 503 3032 561 3107; x_wconf 77' lang='lat' dir='ltr'><strong>oria</strong></span> <span class='ocrx_word' id='word_1_172' title='bbox 584 3033 674 3128; x_wconf 79' lang='grc' dir='ltr'><strong><em>οἶδα,</em></strong></span> <span class='ocrx_word' id='word_1_173' title='bbox 697 3045 816 3130; x_wconf 88' lang='lat' dir='ltr'><strong>inquit,</strong></span> <span class='ocrx_word' id='word_1_174' title='bbox 838 3035 895 3130; x_wconf 75' lang='grc' dir='ltr'><strong>νῆν</strong></span> <span class='ocrx_word' id='word_1_175' title='bbox 916 3035 973 3132; x_wconf 70' lang='grc' dir='ltr'><strong>σήν</strong></span> <span class='ocrx_word' id='word_1_176' title='bbox 993 3045 1110 3129; x_wconf 85' lang='grc' dir='ltr'><strong><em>πεῖραν</em></strong></span> <span class='ocrx_word' id='word_1_177' title='bbox 1129 3038 1192 3107; x_wconf 67' lang='lat' dir='ltr'><strong>aad.</strong></span> <span class='ocrx_word' id='word_1_178' title='bbox 1217 3042 1336 3107; x_wconf 91' lang='lat' dir='ltr'><strong>Horum</strong></span> <span class='ocrx_word' id='word_1_179' title='bbox 1369 3063 1438 3106; x_wconf 85' lang='lat' dir='ltr'><strong>ver·</strong></span> 
     </span>
     <span class='ocr_line' id='line_1_24' title="bbox 297 3157 1437 3248; baseline 0.001 -26"><span class='ocrx_word' id='word_1_180' title='bbox 297 3157 403 3223; x_wconf 90' lang='lat' dir='ltr'><strong>boram</strong></span> <span class='ocrx_word' id='word_1_181' title='bbox 435 3160 534 3248; x_wconf 87' lang='lat' dir='ltr'><strong>igitur</strong></span> <span class='ocrx_word' id='word_1_182' title='bbox 565 3163 635 3247; x_wconf 89' lang='lat' dir='ltr'><strong>quis</strong></span> <span class='ocrx_word' id='word_1_183' title='bbox 672 3184 780 3226; x_wconf 89' lang='lat' dir='ltr'><strong>sensus</strong></span> <span class='ocrx_word' id='word_1_184' title='bbox 804 3182 870 3225; x_wconf 91' lang='lat' dir='ltr'><strong>esse</strong></span> <span class='ocrx_word' id='word_1_185' title='bbox 892 3162 994 3246; x_wconf 88' lang='lat' dir='ltr'><strong>potest</strong></span> <span class='ocrx_word' id='word_1_186' title='bbox 1016 3162 1136 3244; x_wconf 87' lang='lat' dir='ltr'><strong>praeter</strong></span> <span class='ocrx_word' id='word_1_187' title='bbox 1158 3158 1259 3223; x_wconf 87' lang='lat' dir='ltr'><strong>huno:</strong></span> <span class='ocrx_word' id='word_1_188' title='bbox 1287 3160 1341 3224; x_wconf 83' lang='grc' dir='ltr'><strong>Αδ</strong></span> <span class='ocrx_word' id='word_1_189' title='bbox 1367 3166 1437 3223; x_wconf 78' lang='lat' dir='ltr'><strong>ota-</strong></span> 
     </span>
     <span class='ocr_line' id='line_1_25' title="bbox 290 3275 1437 3364; baseline 0.003 -25"><span class='ocrx_word' id='word_1_190' title='bbox 290 3297 384 3359; x_wconf 78' lang='lat' dir='ltr'><strong>pram</strong></span> <span class='ocrx_word' id='word_1_191' title='bbox 422 3279 565 3364; x_wconf 84' lang='lat' dir='ltr'><strong>quomodo</strong></span> <span class='ocrx_word' id='word_1_192' title='bbox 594 3278 722 3343; x_wconf 83' lang='grc' dir='ltr'><strong><em>ιἰιδιιιία</em></strong></span> <span class='ocrx_word' id='word_1_193' title='bbox 753 3279 814 3354; x_wconf 79' lang='lat' dir='ltr'><strong>aia,</strong></span> <span class='ocrx_word' id='word_1_194' title='bbox 849 3276 965 3340; x_wconf 79' lang='lat' dir='ltr'><strong>nescio:</strong></span> <span class='ocrx_word' id='word_1_195' title='bbox 1002 3275 1248 3342; x_wconf 75' lang='lat' dir='ltr'><strong>sadducaeum</strong></span> <span class='ocrx_word' id='word_1_196' title='bbox 1270 3277 1343 3341; x_wconf 79' lang='grc' dir='ltr'><strong><em>νυοί</em></strong></span> <span class='ocrx_word' id='word_1_197' title='bbox 1365 3277 1437 3342; x_wconf 81' lang='lat' dir='ltr'><strong>eet?</strong></span> 
     </span>
     <span class='ocr_line' id='line_1_26' title="bbox 295 3381 1435 3480; baseline -0.001 -24"><span class='ocrx_word' id='word_1_198' title='bbox 295 3389 380 3478; x_wconf 77' lang='lat' dir='ltr'><strong>Ergo</strong></span> <span class='ocrx_word' id='word_1_199' title='bbox 414 3392 649 3458; x_wconf 71' lang='lat' dir='ltr'><strong>substantivum</strong></span> <span class='ocrx_word' id='word_1_200' title='bbox 683 3395 786 3480; x_wconf 79' lang='grc' dir='ltr'><strong><em>πεῖρα</em></strong></span> <span class='ocrx_word' id='word_1_201' title='bbox 814 3391 844 3458; x_wconf 90' lang='lat' dir='ltr'><strong>h.</strong></span> <span class='ocrx_word' id='word_1_202' title='bbox 868 3390 889 3456; x_wconf 93' lang='lat' dir='ltr'><strong>l.</strong></span> <span class='ocrx_word' id='word_1_203' title='bbox 912 3391 1089 3478; x_wconf 87' lang='lat' dir='ltr'><strong>significare</strong></span> <span class='ocrx_word' id='word_1_204' title='bbox 1123 3390 1212 3455; x_wconf 89' lang='lat' dir='ltr'><strong>debet</strong></span> <span class='ocrx_word' id='word_1_205' title='bbox 1243 3381 1435 3479; x_wconf 75' lang='grc' dir='ltr'><strong><em>διαφθοραί,</em></strong></span> 
     </span>
     <span class='ocr_line' id='line_1_27' title="bbox 296 3497 1436 3593; baseline -0.001 -21"><span class='ocrx_word' id='word_1_206' title='bbox 296 3507 553 3593; x_wconf 89' lang='lat' dir='ltr'><strong>quemadmodum</strong></span> <span class='ocrx_word' id='word_1_207' title='bbox 587 3497 739 3587; x_wconf 79' lang='grc' dir='ltr'><strong><em>Ἀιτικιςὶ</em></strong></span> <span class='ocrx_word' id='word_1_208' title='bbox 773 3507 899 3574; x_wconf 86' lang='lat' dir='ltr'><strong>verbum</strong></span> <span class='ocrx_word' id='word_1_209' title='bbox 940 3505 1057 3593; x_wconf 84' lang='grc' dir='ltr'><strong><em>πειρᾶν</em></strong></span> <span class='ocrx_word' id='word_1_210' title='bbox 1090 3504 1172 3572; x_wconf 85' lang='lat' dir='ltr'><strong>valet</strong></span> <span class='ocrx_word' id='word_1_211' title='bbox 1216 3501 1436 3592; x_wconf 76' lang='grc' dir='ltr'><strong><em>διαφθείρειν.</em></strong></span> 
     </span>
     <span class='ocr_line' id='line_1_28' title="bbox 296 3612 957 3710; baseline -0.003 -19"><span class='ocrx_word' id='word_1_212' title='bbox 296 3620 346 3691; x_wconf 81' lang='lat' dir='ltr'><strong>Of.</strong></span> <span class='ocrx_word' id='word_1_213' title='bbox 369 3625 518 3691; x_wconf 79' lang='lat' dir='ltr'><strong>Moenia</strong></span> <span class='ocrx_word' id='word_1_214' title='bbox 543 3648 610 3691; x_wconf 86' lang='lat' dir='ltr'><strong>voa.</strong></span> <span class='ocrx_word' id='word_1_215' title='bbox 626 3612 739 3710; x_wconf 86' lang='lat' dir='ltr'><strong>ibique</strong></span> <span class='ocrx_word' id='word_1_216' title='bbox 762 3624 957 3690; x_wconf 89' lang='lat' dir='ltr'><strong>Piersonum.</strong></span> 
     </span>
    </p>

    <p class='ocr_par' dir='ltr' id='par_1_6' title="bbox 339 3719 1434 3828">
     <span class='ocr_line' id='line_1_29' title="bbox 339 3719 1434 3828; baseline -0.004 -20"><span class='ocrx_word' id='word_1_217' title='bbox 339 3741 516 3808; x_wconf 87' lang='lat' dir='ltr'><strong>Absurdum</strong></span> <span class='ocrx_word' id='word_1_218' title='bbox 529 3747 630 3808; x_wconf 88' lang='lat' dir='ltr'><strong>autem</strong></span> <span class='ocrx_word' id='word_1_219' title='bbox 643 3747 690 3807; x_wconf 85' lang='lat' dir='ltr'><strong>ost</strong></span> <span class='ocrx_word' id='word_1_220' title='bbox 701 3719 931 3828; x_wconf 82' lang='lat' dir='ltr'><strong>quodvertunt:</strong></span> <span class='ocrx_word' id='word_1_221' title='bbox 943 3740 1154 3806; x_wconf 78' lang='lat' dir='ltr'><strong>calamitatem</strong></span> <span class='ocrx_word' id='word_1_222' title='bbox 1165 3747 1252 3807; x_wconf 78' lang='grc' dir='ltr'><strong><em>ίνανι</em></strong></span> <span class='ocrx_word' id='word_1_223' title='bbox 1264 3739 1368 3825; x_wconf 70' lang='lat' dir='ltr'><strong>ignoro</strong></span> <span class='ocrx_word' id='word_1_224' title='bbox 1376 3744 1434 3804; x_wconf 78' lang='lat' dir='ltr'><strong>eet.</strong></span> 
     </span>
    </p>
   </div>
   <div class='ocr_carea' id='block_1_4' title="bbox 293 4105 1435 4550">
    <p class='ocr_par' dir='ltr' id='par_1_7' title="bbox 293 4105 1435 4550">
     <span class='ocr_line' id='line_1_30' title="bbox 339 4105 1431 4199; baseline -0.004 -23"><span class='ocrx_word' id='word_1_225' title='bbox 339 4111 616 4198; x_wconf 83' lang='lat' dir='ltr'><strong>Corruptissimam</strong></span> <span class='ocrx_word' id='word_1_226' title='bbox 648 4112 854 4199; x_wconf 84' lang='lat' dir='ltr'><strong>fragmentum</strong></span> <span class='ocrx_word' id='word_1_227' title='bbox 878 4133 916 4175; x_wconf 82' lang='lat' dir='ltr'><strong>aa</strong></span> <span class='ocrx_word' id='word_1_228' title='bbox 940 4110 1131 4195; x_wconf 82' lang='grc' dir='ltr'><strong><em>Αιιδνονιιδο</em></strong></span> <span class='ocrx_word' id='word_1_229' title='bbox 1155 4105 1326 4194; x_wconf 86' lang='lat' dir='ltr'><strong>Sophoclea</strong></span> <span class='ocrx_word' id='word_1_230' title='bbox 1349 4106 1431 4192; x_wconf 93' lang='lat' dir='ltr'><strong>apud</strong></span> 
     </span>
     <span class='ocr_line' id='line_1_31' title="bbox 295 4224 1433 4316; baseline -0.004 -24"><span class='ocrx_word' id='word_1_231' title='bbox 295 4225 489 4315; x_wconf 86' lang='lat' dir='ltr'><strong>Hesychium</strong></span> <span class='ocrx_word' id='word_1_232' title='bbox 502 4229 535 4292; x_wconf 94' lang='lat' dir='ltr'><strong>in</strong></span> <span class='ocrx_word' id='word_1_233' title='bbox 549 4250 616 4293; x_wconf 86' lang='lat' dir='ltr'><strong>voc.</strong></span> <span class='ocrx_word' id='word_1_234' title='bbox 630 4226 781 4316; x_wconf 86' lang='grc' dir='ltr'><strong><em>Κουρίου,</em></strong></span> <span class='ocrx_word' id='word_1_235' title='bbox 795 4228 925 4306; x_wconf 87' lang='lat' dir='ltr'><strong>etiamsi,</strong></span> <span class='ocrx_word' id='word_1_236' title='bbox 937 4229 1009 4311; x_wconf 86' lang='lat' dir='ltr'><strong>quia</strong></span> <span class='ocrx_word' id='word_1_237' title='bbox 1017 4225 1230 4313; x_wconf 84' lang='lat' dir='ltr'><strong>praecedentia</strong></span> <span class='ocrx_word' id='word_1_238' title='bbox 1242 4224 1433 4310; x_wconf 81' lang='lat' dir='ltr'><strong>ignoramus,</strong></span> 
     </span>
     <span class='ocr_line' id='line_1_32' title="bbox 295 4340 1435 4430; baseline -0.004 -22"><span class='ocrx_word' id='word_1_239' title='bbox 295 4352 377 4409; x_wconf 87' lang='lat' dir='ltr'><strong>oerta</strong></span> <span class='ocrx_word' id='word_1_240' title='bbox 405 4345 584 4409; x_wconf 83' lang='lat' dir='ltr'><strong>coniectura</strong></span> <span class='ocrx_word' id='word_1_241' title='bbox 608 4346 710 4408; x_wconf 87' lang='lat' dir='ltr'><strong>sanari</strong></span> <span class='ocrx_word' id='word_1_242' title='bbox 735 4351 882 4430; x_wconf 87' lang='lat' dir='ltr'><strong>nequeat,</strong></span> <span class='ocrx_word' id='word_1_243' title='bbox 913 4351 1014 4409; x_wconf 90' lang='lat' dir='ltr'><strong>tamen</strong></span> <span class='ocrx_word' id='word_1_244' title='bbox 1039 4365 1099 4407; x_wconf 92' lang='lat' dir='ltr'><strong>non</strong></span> <span class='ocrx_word' id='word_1_245' title='bbox 1125 4344 1191 4407; x_wconf 90' lang='lat' dir='ltr'><strong>sine</strong></span> <span class='ocrx_word' id='word_1_246' title='bbox 1213 4340 1435 4428; x_wconf 83' lang='lat' dir='ltr'><strong>probabilitate</strong></span> 
     </span>
     <span class='ocr_line' id='line_1_33' title="bbox 293 4459 1433 4550; baseline 0.003 -25"><span class='ocrx_word' id='word_1_247' title='bbox 293 4461 392 4525; x_wconf 89' lang='lat' dir='ltr'><strong>multo</strong></span> <span class='ocrx_word' id='word_1_248' title='bbox 399 4461 525 4550; x_wconf 87' lang='lat' dir='ltr'><strong>propius</strong></span> <span class='ocrx_word' id='word_1_249' title='bbox 538 4461 576 4526; x_wconf 88' lang='lat' dir='ltr'><strong>ad</strong></span> <span class='ocrx_word' id='word_1_250' title='bbox 590 4461 731 4526; x_wconf 88' lang='lat' dir='ltr'><strong>oodioum</strong></span> <span class='ocrx_word' id='word_1_251' title='bbox 741 4462 927 4549; x_wconf 77' lang='lat' dir='ltr'><strong>scripturam</strong></span> <span class='ocrx_word' id='word_1_252' title='bbox 935 4459 1089 4527; x_wconf 89' lang='lat' dir='ltr'><strong>emendari</strong></span> <span class='ocrx_word' id='word_1_253' title='bbox 1098 4465 1306 4550; x_wconf 89' lang='lat' dir='ltr'><strong>potest,quam</strong></span> <span class='ocrx_word' id='word_1_254' title='bbox 1317 4460 1433 4528; x_wconf 88' lang='lat' dir='ltr'><strong>hueus-</strong></span> 
     </span>
    </p>
   </div>
   <div class='ocr_carea' id='block_1_5' title="bbox 0 0 1516 5264">
    <p class='ocr_par' dir='ltr' id='par_1_8' title="bbox 0 0 1516 5264">
     <span class='ocr_line' id='line_1_34' title="bbox 0 0 1516 5264; baseline 0 1"><span class='ocrx_word' id='word_1_255' title='bbox 0 0 1516 5264; x_wconf 95' lang='lat' dir='ltr'><strong> </strong></span> 
     </span>
    </p>
   </div>
  </div>
 </body>
</html>
