3024 5264
646 467 708 528 105

111 655 174 699 non
194 632 346 721 intelligo.
373 632 509 700 Videant
532 635 718 717 viridanti,
747 661 786 704 an
810 659 917 706 versus
936 641 1060 709 inutilis
1085 643 1240 730 Aeschylo

112 747 336 816 abiudieandus
364 749 413 813 sit.

155 865 210 929 Vs.
223 865 265 930 95
279 884 360 947 sqq.:
382 855 444 946 ἕγῶ
465 853 495 926 δ’
515 852 576 950 ύφ’
594 857 682 948 ὑμῶν
704 855 763 932 ὧδ’
782 863 1028 958 ἀπητιμασμένη

379 963 522 1038 ύλλοισιν
542 969 574 1039 ἐν
593 980 765 1062 νεκροῖσιν,
786 969 836 1044 ῶν
854 976 913 1062 μὲν
933 973 1061 1048 ἔκτανον

378 1073 505 1158 ὄνειδος
526 1081 559 1149 ἐν
578 1088 751 1174 φθιτοῖσιν
772 1079 832 1154 ούκ
851 1087 1094 1173 ἐκλείπεται,

379 1191 525 1282 αἰσχρῶς
544 1185 575 1260 δ’
593 1185 729 1281 οἶλῶμαι.

110 1310 270 1377 Solneeum
315 1312 363 1373 est
396 1298 579 1373 ἐκλείπεται
612 1331 668 1396 pro
710 1307 852 1378 ἐκλείπει
892 1315 1046 1402 positum,
1091 1320 1122 1382 et
1164 1317 1240 1383 male

109 1425 250 1511 iungitur
280 1422 314 1486 in
355 1419 457 1485 eadem
491 1423 646 1488 sententia
678 1425 771 1490 tertia
802 1447 932 1512 persona
964 1449 1032 1494 enm
1057 1429 1163 1517 prima.
1198 1433 1237 1497 In

108 1535 289 1603 ἐκλείπεται
311 1535 408 1601 latere
430 1535 570 1621 suspicor
592 1533 790 1621 ἐκνίπτομαι.
818 1540 881 1606 Pro
903 1531 957 1624 ῶν,
983 1544 1066 1629 quod
1086 1567 1124 1610 ex
1144 1546 1240 1632 'Pyrr-

111 1650 190 1715 witti
209 1650 386 1716 coniectura
411 1652 549 1736 reposui,
575 1650 646 1716 libri
671 1651 786 1719 habent
803 1648 858 1730 ῶς.
881 1658 1026 1746 Cogitavi
1057 1682 1179 1747 qnoque
1201 1662 1240 1727 de

108 1763 177 1829 loeo
200 1765 246 1830 sie
266 1765 499 1831 constituendo:
523 1757 670 1831 ύίλλσισιν
688 1763 722 1831 ἐν
741 1774 898 1857 νεκροῖσιν
924 1762 983 1849 (ῶς
1013 1766 1075 1858 γαρ
1111 1769 1240 1841 ἔκτανον

109 1867 229 1952 ὄνειδος
250 1876 283 1943 ἐν
304 1881 476 1967 φθιτοῖσιν
498 1899 556 1942 ουκ
575 1873 769 1960 ἐκνίπτεται)
791 1877 937 1969 αἰσχραῖς
956 1875 1094 1969 οἷλῶμαα

153 1990 207 2055 Vs.
223 1993 285 2057 110
298 1981 393 2076 sq.:‹5
414 1985 443 2056 δ’
462 1978 616 2068 ἐξαλύξας
636 1987 762 2071 οἴχεται
782 1993 903 2080 νεβροῦ
924 1992 1032 2082 δίκην,

375 2100 428 2166 καὶ
449 2101 574 2165 ταῦτα
593 2089 728 2187 κούφως
747 2099 782 2166 ἐκ
799 2101 909 2186 μέσων
928 2096 1116 2194 ἆρκυςύιτιυν

375 2203 537 2300 ῶρουσεν,
557 2201 633 2292 ύμῖν
653 2205 903 2302 ἕγκατιλλῶψας·
916 2213 1009 2302 μίγα.

151 2329 182 2392 Si
204 2325 258 2390 καὶ
280 2326 383 2390 ταῦτα
404 2328 630 2403 salamenses,
664 2324 746 2391 haud
770 2327 862 2393 dubie
882 2329 967 2415 sequi
988 2329 1145 2397 debuisset
1166 2354 1236 2418 par·

109 2441 248 2527 tiaipinm
271 2429 423 2528 ύρούσας.
445 2440 644 2527 dempserim:
666 2438 721 2503 καί
740 2432 865 2530 κάρτα
885 2432 1021 2532 κούφως
1040 2441 1103 2511 nt.

153 2555 282 2620 vanae
295 2575 383 2638 sqq.:
468 2552 599 2627 λέοντος
618 2543 735 2641 ἄντρον
755 2545 1060 2644 αἱματορρόφου

347 2663 444 2732 οἰκεῖν
463 2657 617 2739 τοιαύτας
637 2655 737 2745 εἰκός,
760 2656 800 2730 ού
818 2664 1010 2755 χρηςηρίοις

343 2775 375 2843 ἐν
395 2777 513 2844 τοῖσδε
533 2774 743 2863 πλησίοισι
762 2774 942 2864 τρίβεσθαι
959 2767 1072 2862 μύσος.

107 2890 246 2955 Fortasse
264 2892 297 2955 in
322 2890 472 2956 librorum
488 2889 643 2975 scriptura
668 2891 1067 2958 ΤΟΙΣΔΕΠΛΗΣΙΟΙΣΙ
1080 2890 1235 2958 delitescit

10 3015 14 3030 '
109 3008 496 3083 ΤΟΙΣΛΕΝΑΙΣΙΟΙΣΙ,
536 3001 797 3087 seribendumque
836 2997 997 3068 ἐντοῖσῶ
1020 2999 1235 3070 ἐναισίοισι

105 3118 170 3181 sive
192 3113 395 3200 ἐναισίμοισι.
427 3119 536 3187 Minus
559 3126 665 3206 aptum
688 3117 805 3183 atsere
831 3115 965 3180 otiosum
988 3115 1111 3182 videtur
1132 3117 1235 3181 πλου-

106 3229 224 3310 σίοισι,
259 3231 340 3316 qnod
364 3232 487 3298 Pauwio
509 3234 570 3299 iam
594 3235 628 3298 in
652 3236 784 3298 mentem
807 3230 928 3296 venisse
949 3238 1054 3296 monet
1076 3229 1234 3296 Blomfiel·

106 3343 191 3422 dius,
211 3346 266 3430 qui
286 3347 403 3413 frustra
429 3355 534 3415 tuetur
560 3349 727 3436 vulgatam.
924 3335 927 3340 ¹

150 3460 204 3525 Vs.
228 3463 311 3526 220:
361 3455 423 3547 ἐγῶ
444 3455 484 3542 δ’,
505 3454 577 3548 ἄγει
596 3455 658 3549 γάρ
681 3453 763 3544 αἷμα
782 3460 945 3548 μητρῷον,
967 3459 1059 3535 δίκας

358 3571 489 3656 μέτειμι
507 3565 601 3639 τόνδε
624 3573 740 3661 φῶτα
759 3563 1053 3659 κῶκκυνηγέτης.

105 3688 340 3773 Repraesentavi
361 3687 481 3752 codicis
500 3688 583 3752 Med.
611 3686 812 3773 scripturam
844 3684 926 3750 unde
949 3684 1042 3772 vulgo
1064 3685 1232 3771 repositum

103 3808 149 3865 est
168 3824 202 3881 μ.
225 3821 253 3864 τ.
276 3800 376 3888 φῶτα
396 3793 630 3888 κοῖκκυνηγειῶ,
651 3803 685 3866 in
709 3823 769 3886 qua
792 3799 934 3878 lectione,
957 3803 993 3864 ut
1015 3799 1076 3865 alia
1097 3806 1232 3879 taceam,

102 3914 223 3980 offendo
249 3914 282 3978 in
314 3919 449 4000 tempore
485 3916 645 3982 Praesenti
660 3905 890 4003 κάκκυνηγετῶ,
912 3915 1016 4001 posito
1043 3913 1077 3981 ἐκ
1105 3915 1232 4003 παραλ-

102 4021 201 4118 λήλου
224 4049 294 4094 eum
324 4029 443 4095 Futuro
469 4027 607 4114 μέτειμι.
640 4033 822 4118 Sequuntur
851 4050 974 4116 quoque
989 4067 990 4071 =
1003 4030 1137 4096 Futura:
1169 4020 1231 4115 ἐγῶ

102 4133 131 4206 δ’
152 4133 260 4229 ἄρηξιν
280 4133 336 4208 τόν
357 4140 462 4231 ἱκέτην
481 4166 518 4209 τε
539 4136 689 4234 ῥύσομαι.
710 4144 884 4231 Aeschylo,
903 4146 1079 4233 etapium,
1099 4165 1161 4209 non
1182 4145 1231 4207 in-

103 4254 231 4342 dignum
262 4256 371 4321 fuerit:
411 4252 539 4340 μέτειμι
569 4249 663 4325 τύνδε
694 4258 833 4346 φοινία
863 4257 1075 4348 κυνηγέτις.
1114 4256 1229 4325 Eodem

100 4368 237 4455 epitheto
261 4376 388 4436 ornatur
410 4369 515 4458 Scylla
539 4370 676 4459 Ohoeph.
701 4377 775 4440 605.
