3024 5264
756 427 775 488 5

189 581 364 681 ἆχεδστοις,
388 598 425 660 ui
446 592 634 673 Ahrensius‚
647 594 693 662 vel
711 596 843 685 denique
861 594 990 694 δδμῇσι,
1014 607 1049 668 ut
1060 603 1126 690 ipse
1138 602 1212 669 olim
1226 604 1328 693 suspi-

190 709 286 778 crbur.
309 713 419 798 Neque
441 711 534 778 hodie
556 711 674 800 placet,
698 714 780 800 quod
805 715 974 804 aliqnando
995 719 1150 785 tentabam
1174 743 1218 786 rs.
1244 727 1283 788 2:

360 823 501 914 λέκτρων
520 818 619 903 αἐλς
641 827 708 917 γῆν
726 822 922 930 βλεμμάτων
943 830 1038 921 ῥέπει
1058 825 1150 924 βολὴ.

190 962 256 1005 nrm
269 941 386 1007 Graece
398 940 515 1007 dicitur
531 938 585 1008 ἐπὶ
600 945 656 1031 γῆν
671 943 720 1009 vel
736 938 824 1035 πρδς
839 948 896 1037 γῆν
912 945 1032 1034 ῥέπειν.
1054 950 1196 1038 Longius
1207 973 1328 1038 quoque

190 1055 306 1122 distrui
329 1080 346 1123 u
369 1058 512 1124 codicum
544 1060 688 1148 vestigiis
722 1055 820 1149 ἔραζε
840 1067 872 1127 ελ
891 1057 980 1154 πρδς
1005 1055 1121 1150 οὖδας,
1151 1067 1188 1133 de
1213 1069 1327 1154 quibus

189 1171 398 1240 locutionibus
420 1174 648 1242 substituendis
671 1177 785 1265 uliquis
809 1179 945 1267 cogitare
968 1188 1080 1268 posset.

234 1523 337 1591 Schci.
353 1523 450 1612 Soph.
473 1525 520 1591 ad.
544 1524 621 1592 Oed.
645 1526 712 1593 col.
738 1529 842 1593 1047:
865 1521 907 1596 cci
927 1526 960 1597 ἐν
978 1519 1128 1596 Ἐλευσῖνι
1143 1525 1219 1618 τέλη
1232 1527 1330 1620 φησί,

192 1637 243 1705 καλ
262 1639 313 1728 εἴη
334 1632 373 1705 div
391 1629 557 1724 λαμπάσιν
581 1632 692 1717 οἷκταῖς
719 1639 820 1728 λέγων
847 1644 920 1718 ταῖς
947 1640 1250 1724 λαμπαδευομέναις
1273 1639 1328 1707 καὶ

189 1749 489 1836 καταλαμπομέναις
527 1743 596 1821 sind
634 1755 693 1844 τῆς
730 1756 885 1845 μυστικῆς
916 1747 1040 1844 φλογὸς
1067 1753 1121 1821 καλ
1149 1755 1212 1820 σοῖν
1231 1752 1329 1844 ἱερῶν

189 1855 307 1953 δᾴδων,
327 1863 408 1952 περὶ
427 1855 473 1930 ὦν
491 1855 659 1950 Αἰσχύλος
679 1865 800 1955 φησίν*

349 1979 565 2066 Λαμπραῖσιν
585 1971 787 2067 δστραπαῖσι
811 1967 991 2061 λαμπάδων
1011 1976 1156 2046 σθένει.

232 2090 313 2160 Mihi
336 2114 399 2158 non
429 2092 475 2158 sic
506 2093 667 2180 scripsisse
697 2094 820 2160 videtur
847 2093 898 2159 sed
924 2085 1050 2186 φλέγει,
1075 2095 1113 2159 ci.
1137 2115 1164 2159 ν.
1192 2116 1218 2158 c.
1242 2095 1327 2183 Sept.

189 2229 217 2273 c.
237 2207 331 2275 Theb.
348 2229 392 2275 vs.
408 2210 492 2288 415,
516 2208 668 2295 quidquid
692 2211 787 2276 fuerit
803 2209 897 2277 huius
918 2209 1091 2276 sentcntiae
1107 2210 1190 2295 (num
1206 2210 1325 2278 incerta

187 2345 233 2389 res
254 2326 314 2412 est)
338 2323 521 2391 subiectum.
546 2325 761 2404 Hermaunus,
784 2348 846 2392 non
860 2326 978 2391 monito
990 2325 1125 2405 lectore,
1140 2349 1196 2414 pro
1212 2323 1326 2394 σθένει

187 2439 273 2506 dedit
296 2436 404 2514 σέλας.

228 2790 347 2858 Αοοοδ.
381 2788 480 2856 Bekk
514 2813 543 2878 p.
578 2792 663 2870 346,
695 2793 748 2857 10.
780 2779 946 2881 Ἀδριαναέ
975 2793 1133 2876 γυναῖκες.
1159 2777 1326 2874 Αἰσχύλος

180 2892 374 2972 Ἡλιάσιν·

367 3009 534 3107 Ἀδριαναλ
553 3040 590 3084 τε
609 3022 755 3105 γυναῖκες
770 3008 889 3105 κδρον
908 3013 1018 3096 ἕξουσι
1038 3003 1130 3100 ydus.

227 3132 346 3219 Scripsi
376 3121 474 3219 κόρω
509 3132 548 3198 dc
579 3133 763 3198 coniectura
790 3153 855 3196 meu
883 3151 939 3217 pro
961 3152 1014 3214 ec,
1035 3127 1119 3215 quod
1142 3127 1210 3193 sine
1233 3149 1325 3194 sensu

183 3248 342 3336 vulgatur,
362 3234 496 3338 ipsicius.
520 3249 568 3316 of.
592 3250 666 3316 Eur.
688 3248 759 3314 Alc.
787 3252 868 3328 1833
892 3245 1009 3313 Phoen.
1034 3245 1135 3322 13793
1153 3244 1245 3310 Hom.
1263 3244 1323 3311 Od.

183 3364 204 3430 δ
226 3366 300 3430 103.
323 3365 398 3431 Νοο
415 3363 539 3431 felicius
562 3365 644 3430 idem
666 3362 851 3430 vccabulum
874 3362 1071 3428 librariorum
1095 3382 1206 3426 manus
1225 3361 1325 3427 evasit

180 3481 214 3545 in
234 3481 344 3568 fragm.
367 3480 527 3567 Euripidis
550 3481 632 3570 spud
652 3478 758 3546 Schcl.
782 3478 819 3544 sd
844 3480 942 3544 Arist.
961 3476 1086 3543 Thesm.
1106 3498 1151 3543 vs.
1172 3476 1278 3543 1018:

388 3583 546 3670 κλύειςαλ
674 3612 680 3628 ’

388 3699 475 3795 πρδς
494 3704 622 3781 Αἰδοῦς
645 3704 683 3772 σὲ
701 3698 761 3772 cciv
780 3699 814 3771 ἐν
834 3694 965 3792 δντροις

393 3808 610 3900 οἷπδπανσον,
633 3812 745 3899 ἔασον,

386 3922 478 4016 Ἀχοῖ
492 3953 536 4016 με
554 3922 613 3997 cris
634 3928 749 4021 φίλαις
769 3920 849 4018 γόον
867 3918 920 3995 πό
931 3931 1001 3995 θον
1019 3925 1139 4011 λαβεῖν.

225 4045 347 4133 Scripsi
361 4045 452 4127 haec,
468 4053 504 4115 ui
519 4048 681 4135 ingeniose
696 4052 860 4132 corruptas
879 4041 998 4108 codicis
1018 4040 1168 4113 lectiones
1189 4043 1324 4110 correxit

180 4161 355 4243 Seidlerusr
397 4163 488 4230 cuius
520 4161 766 4228 emendationem
804 4158 961 4249 perficium
995 4157 1189 4245 reponendo:
1225 4149 1324 4224 ἔασον

181 4265 273 4361 Ἀχοῖ
291 4296 335 4360 με
351 4267 410 4342 σδν
429 4273 549 4366 φίλαις
573 4267 652 4364 γόου
672 4267 792 4365 κόρον
812 4273 933 4357 λαβεῖν.
957 4274 1080 4362 Cogita,
1105 4273 1210 4355 selim,
1230 4296 1321 4361 quum

181 4389 315 4458 absurde
341 4391 453 4479 uliquis
476 4397 604 4481 rogetur
622 4391 716 4479 pati,
740 4394 777 4456 ut
795 4410 854 4479 ego
873 4389 992 4457 aliusve
1010 4391 1120 4476 cupiat
1145 4391 1323 4478 λααμνιαιε.
