3024 5264
745 451 785 511 33

181 618 339 701 τουτέςι·
383 608 548 706 καίίάρσει
584 616 645 684 τινί
683 613 738 685 τάν
765 620 824 709 τῆς
867 621 1097 709 μητροκτονίας
1143 617 1328 714 ἀπενίψατο

182 723 371 817 μολυσμδν.
391 730 495 820 Δηλοῖ
514 728 572 814 μέν
592 717 648 796 οὖν
669 723 708 796 τδ
728 723 809 813 αἷμα
828 727 883 798 τάν
902 723 1011 821 φόνον.

227 847 281 912 Ex
306 848 395 934 ipsa,
423 844 534 921 credo,
559 844 760 910 Grammatici
784 845 1040 933 interpretatione
1061 846 1182 933 liquido
1204 856 1329 938 apparet

185 969 342 1050 corrupta
358 985 423 1026 esse
439 958 587 1027 vocabula
609 950 667 1023 σδν
686 965 717 1025 et
738 948 853 1048 μήτηρ.
876 961 1074 1050 Hartungius
1094 965 1282 1050 suspicatur:

404 1108 444 1126 ε-
468 1113 507 1124 -
530 1065 611 1156 αἷμα
629 1062 690 1160 γάρ
711 1066 751 1138 ari
771 1073 911 1161 μητέρος
931 1066 1109 1162 ἀπενίψστ’

185 1191 330 1261 Bothius

422 1292 473 1367 ὅδ’
492 1292 572 1381 αἷμα
591 1289 652 1387 γάρ
674 1319 725 1365 σοι
743 1291 877 1389 μήτριον
897 1291 1093 1391 ἀπενίψατο.

187 1445 257 1488 curo
287 1416 405 1505 quibus
426 1415 613 1479 coniecturis
636 1435 698 1477 nou
722 1415 837 1499 optime
859 1414 989 1499 quadrat
1012 1418 1212 1483 Grammatici
1228 1418 1327 1506 expli-

188 1538 282 1602 catio.
308 1534 380 1620 Ego
396 1530 475 1596 facio
500 1551 568 1594 eum
586 1529 759 1617 Wagnero,
783 1552 800 1596 e
822 1528 918 1597 Ohori
942 1533 1064 1598 cantico
1087 1556 1193 1601 versus
1217 1535 1327 1600 ductos

187 1675 253 1718 esse
279 1647 440 1738 opinanti,
466 1650 497 1710 et
524 1644 717 1710 choriambus
739 1644 832 1712 hosce
858 1646 954 1713 latere
980 1649 1126 1735 suspicor.

446 1749 526 1842 αἷμα
545 1751 605 1846 μάρ
627 1752 775 1848 μυσαρὸν
792 1755 915 1848 μητρός
935 1759 1089 1850 ἐνίψατο,

189 1879 228 1945 cl.
250 1880 361 1944 Orest.
384 1896 411 1939 v.
435 1874 536 1937 1634:
567 1909 606 1920 -—
629 1863 709 1954 αἷμα
735 1863 858 1960 μητρός
892 1868 1038 1961 μυσαρὸν
1072 1871 1325 1963 ἐξειργασμένος.

189 1997 229 2061 In
253 1990 399 2079 vulgatis
422 1987 546 2055 verbum
570 1985 776 2072 compositum
800 1979 985 2074 ἀπενίψατο
1005 2009 1043 2052 ex
1065 1988 1328 2075 interpretatione,

189 2132 269 2196 quae
294 2104 513 2190 subiungitur,
535 2101 662 2166 fluxisse
694 2098 893 2179 crediderim
916 2124 986 2166 nam
1009 2104 1139 2191 tragicis
1161 2103 1192 2170 h.
1214 2128 1237 2171 s.
1260 2128 1328 2173 ver·

188 2226 267 2291 bum
284 2219 416 2308 simplex
430 2217 708 2304 frequentissimum
721 2220 767 2281 est
778 2214 833 2303 (of.
857 2215 951 2303 Soph.
973 2220 1011 2284 Ο.
1034 2220 1072 2284 R.
1093 2220 1195 2298 122&
1208 2220 1282 2286 Eur.
1298 2222 1327 2288 Ι.

191 2342 227 2406 Τ.
253 2338 363 2412 1338;
386 2332 492 2422 Suppl.
515 2332 615 2418 765)ι
639 2331 843 2419 compositum
867 2320 1032 2412 ἀπονίζειν
1047 2358 1163 2415 vereor,
1187 2343 1223 2402 ut
1245 2337 1325 2424 apud

191 2455 264 2520 illos
288 2451 469 2539 reperiatur.

236 2800 320 2868 stob
343 2799 474 2876 XLIII,
497 2800 539 2864 22
561 2788 742 2887 Εὐριπίδου
764 2789 990 2888 Ἀλκμήνης·

282 2908 431 3004 ἀτρέκειο
449 2905 480 2980 δ’
497 2902 609 3003 ἀριςον
628 2903 746 3001 ἀνδρός
766 2910 803 2979 ἐν
822 2908 935 2981 πόλει
956 2910 1111 2979 δικαίου
1132 2911 1234 2981 πέλει.

237 3029 267 3096 Ε
292 3027 393 3095 verbis
424 3029 663 3116 corruptissimis
697 3027 783 3092 facili
811 3029 937 3115 negotio
960 3027 1066 3093 elicias
1090 3028 1173 3095 hunc
1196 3035 1324 3096 octona·

145 3192 147 3199 -
195 3146 276 3212 rium
299 3142 503 3211 trochaicum:

145 3232 147 3243 Ι
343 3247 476 3346 ἀτρέκεά
496 3246 608 3345 ἀριςσν
628 3248 746 3344 ἀνδρὸς
766 3248 889 3323 ὅπλον
910 3255 1063 3324 ἐνδίκου
1084 3259 1186 3326 πέλει.

196 3373 217 3438 i.
231 3396 256 3438 e.
271 3372 389 3437 veritae
403 3372 546 3456 optimum
560 3380 606 3436 eat
620 3375 682 3437 ciri
693 3373 773 3438 ιὐοίί
788 3380 907 3438 acutum
919 3371 984 3450 vel,
1006 3372 1089 3458 quod
1106 3375 1210 3439 eodem
1227 3375 1323 3451 redit,

198 3488 335 3554 senarios
357 3486 463 3552 hosce:

806 3593 956 3692 ἀτρέκεισ
976 3601 1013 3669 δὲ

412 3701 522 3800 ἀριςσν
543 3705 660 3803 ἀνδρδς
680 3707 803 3781 ὅπλον
823 3714 981 3782 ἐνδίκου
1002 3714 1104 3781 πέλει.

241 3825 378 3914 Vulgata
398 3825 490 3891 lectio
507 3829 657 3916 originem
682 3832 789 3897 debere
814 3831 937 3896 videtur
953 3831 1129 3895 huiusmodi
1143 3832 1174 3896 in
1196 3833 1322 3916 antiquo

673 3937 766 4008 δ’πλον

199 4027 303 4092 codice
331 4028 512 4114 scripturae:
535 4019 651 4117 ἀνδρὸς
667 4030 790 4098 ἐνδίκου
813 4033 925 4117 caetea·
949 4036 1030 4099 unde
1053 4037 1183 4122 primurn
1215 4043 1320 4101 natum

199 4149 258 4209 est:
282 4133 396 4229 ἀνδρὸς
425 4141 457 4207 ἐν
482 4137 582 4209 ὅπλον
607 4144 697 4211 δίκου
718 4145 825 4227 πέλει,
860 4150 971 4215 deinde
1004 4154 1186 4217 correctoris
1217 4153 1320 4216 nescio

201 4261 284 4325 cuius
306 4257 482 4344 sagacitate:
504 4249 620 4345 ἀνδρός
640 4256 672 4323 ἐν
693 4251 790 4326 πόλει
810 4263 936 4331 δικαίου
959 4264 1061 4334 πέλει.
