3024 5264
639 550 876 600 PRAMA'I'IO.
1284 546 1322 594 x1

182 707 254 804 (pro
269 704 466 806 ἁρπάσαι)
478 699 616 799 παρεςιν
626 700 756 794 dyada&
775 706 935 791 δαίμονος.
949 705 1080 774 eruar.
1094 704 1183 795 Cyel.
1199 730 1243 774 vs.
1256 707 1321 773 416

186 837 273 897 etas.
296 831 370 898 568.
393 829 515 895 Collato
531 851 573 892 va.
588 829 670 902 515,
693 824 828 889 coniicio
852 847 895 889 vs.
929 828 992 890 471.
1020 826 1216 891 scribendum
1240 847 1321 889 esse:

187 939 427 1011 νοέπεντείνιο
447 942 498 1008 καὶ
520 931 718 1022 σπουδάζω,
752 962 825 1004 narn
853 940 944 1005 verbo
976 939 1245 1026 ἕπεμπλπτειν
1277 941 1321 1006 ibi

188 1061 275 1125 loeus
300 1083 361 1125 nou
384 1069 439 1124 est.
464 1059 555 1123 Haud
583 1057 679 1143 magis
703 1056 865 1143 intelligo,
888 1059 964 1142 quid
988 1060 1030 1123 sit
1054 1079 1096 1120 vs.
1114 1060 1196 1121 511:
1220 1055 1254 1123 οἳ
1270 1079 1322 1121 τοι

189 1175 327 1264 γεωργοὶ
346 1166 484 1263 τοίἷρχον
505 1171 710 1252 ἐξέλκουσι
739 1163 856 1246 κᾶλλος
886 1166 989 1239 oo’da'r.
1023 1173 1087 1236 Vix
1122 1172 1248 1250 dubito,
1283 1194 1321 1235 an

191 1312 294 1355 verum
316 1291 359 1354 sit
381 1289 591 1356 ἐκτελοῦσι.
613 1285 791 1351 Absurdum
814 1292 862 1351 est
882 1281 988 1355 ἄλλων
1010 1311 1052 1354 va.
1077 1289 1155 1354 760:

497 1463 566 1535 ἀλλ’
584 1461 668 1558 ὑπὲρ
691 1465 779 1555 ὑμῶν
800 1471 986 1555 πολεμίζων

293 1578 436 1670 οἷπεῒχον
456 1576 508 1649 ἀεὶ
528 1582 581 1648 καὶ
602 1586 664 1648 τῶν
684 1575 810 1649 ἄλλων
831 1581 948 1674 νήσων·
969 1577 1018 1652 ὦν
1038 1581 1151 1654 οὕνεκα
1171 1586 1237 1654 νυνὶ

292 1694 472 1767 ἀποδοῦναι
490 1720 547 1780 μοι
566 1689 623 1784 τήν
643 1687 736 1785 χάριν
758 1693 843 1780 ὑμᾶς
865 1693 953 1775 εἰκός
974 1697 1038 1766 ard.
1128 1728 1131 1733 ·

193 1879 323 1944 Abiecto
347 1874 556 1940 additamento
587 1894 713 1959 repone:
736 1870 884 1940 τούτοιν
907 1862 973 1939 οὖν
994 1868 1107 1942 οὕνεκα
1127 1877 1190 1946 ard.
1214 1878 1325 1964 Perpe-

191 2019 256 2060 σειν
291 1992 466 2059 Meinekius
497 1990 568 2054 vitii
603 1996 780 2076 suspectum
817 1989 907 2054 habet
939 2013 981 2055 va.
1007 1994 1079 2056 824.
1104 1995 1211 2060 Iocum
1244 1997 1324 2060 enim

191 2112 331 2176 eontinet
352 2109 500 2173 hodierno
523 2127 643 2190 quoque
666 2128 722 2170 usu
748 2107 823 2170 satis
846 2108 1043 2190 frequentem.
1068 2110 1225 2175 Nimirum
1246 2113 1325 2199 Try-

191 2250 284 2316 gaeus
308 2226 345 2290 ab
368 2224 501 2308 Olympo
525 2221 622 2285 redux
646 2223 725 2285 servi
748 2225 925 2307 quaerentis
949 2246 986 2287 ex
1013 2225 1099 2310 ipso,
1121 2250 1162 2291 αιι
1186 2230 1325 2308 redierit,

189 2336 406 2428 ἀναισθησίαν
436 2337 517 2401 sulse
539 2338 722 2425 perstringit
746 2339 974 2424 respondendo:
1006 2349 1041 2406 nt
1071 2345 1191 2428 quidem
1223 2371 1275 2432 αμο
1310 2373 1326 2413 e

191 2458 334 2544 quopiam
353 2455 470 2519 audiui.

236 2578 352 2640 Arrun
376 2594 418 2637 vs.
441 2571 506 2634 478
530 2569 726 2634 hauddubie
754 2572 1034 2657 transponendum:
1068 2564 1113 2649 οἷς
1135 2568 1325 2662 πρεσβοτοέ-

189 2712 254 2753 τιον
279 2678 405 2753 ὅντιον
436 2676 566 2749 αὐταῖν
597 2675 712 2771 ὀρθῶς
735 2677 810 2749 tto'
839 2676 859 2773 ἦ
889 2685 1052 2767 βασιλεία.
1075 2687 1156 2753 Ibid.
1184 2715 1229 2755 vs.
1258 2697 1321 2758 586

191 2801 326 2868 conieci:
348 2793 385 2886 ἢν
405 2789 435 2862 d’
454 2790 590 2884 ἡγῶνται
612 2793 650 2859 σὲ
671 2791 755 2861 θεον
777 2790 935 2883 σεμνόν,
964 2793 1052 2891 Ζῆν’
1081 2796 1102 2891 ἢ
1133 2796 1285 2893 Κρόνον
1307 2833 1326 2895 η

190 2938 230 2982 σε
250 2911 425 2990 Ποσειδῶ,
456 2912 488 2974 in
503 2910 616 2994 quibus
628 2900 742 2994 σεμνόν
764 2911 890 2978 debetur
914 2916 1051 2994 coneto,
1074 2919 1128 3002 qui
1152 2911 1269 3001 σεμνόν
1287 2940 1326 2984 σε

189 3018 272 3096 θεόν
291 3032 498 3115 proposuerat.
510 3027 608 3091 Recte
620 3031 718 3090 tamen
743 3028 919 3094 Meinelrius
940 3031 1059 3116 reliqua
1077 3055 1214 3118 quoque:
1236 3029 1274 3097 σὲ
1290 3031 1328 3098 dd

189 3144 247 3232 γῆν
268 3142 304 3207 σὲ
326 3133 449 3230 Κρόνον
471 3139 508 3205 σὲ
528 3141 684 3206 Ποσειὸαῖ
704 3146 847 3210 mendosa
873 3169 938 3212 esse
956 3161 1067 3215 mouet.
1089 3150 1243 3215 Pluralem
1268 3172 1327 3213 nu-

190 3281 307 3324 merum
335 3278 441 3321 sensus
460 3255 597 3341 postulat
621 3280 661 3322 vs.
685 3245 767 3351 6,Ῐ3ι
791 3261 846 3328 καὶ
866 3255 1023 3345 τοῦνομ’
1040 3255 1116 3353 ἡμῖν
1136 3255 1325 3353 producerem

190 3376 338 3461 quocirca
360 3372 554 3458 scripserim:
577 3369 629 3437 καὶ
657 3360 857 3458 τῶνόμα6’
876 3366 951 3463 ἡμῖν
970 3374 1033 3442 ned.
1070 3379 1221 3444 Similiter
1254 3405 1327 3446 mox

191 3515 235 3557 vs.
258 3490 320 3555 647
336 3509 391 3574 pro
404 3485 458 3550 ἲθι
478 3486 601 3570 requiro
622 3486 680 3550 ἴτε.
704 3487 760 3552 Vs,
786 3491 849 3554 698
875 3497 982 3576 poetae
1004 3493 1208 3561 reddiderim:
1232 3486 1328 3572 οὗτος

190 3595 264 3690 χάει
275 3593 420 3692 ἠερόεντι
436 3599 541 3686 μιγεὶς
560 3591 697 3682 νύχιος
716 3597 797 3667 nard
816 3596 980 3693 τάρταρον
1002 3599 1097 3697 εὐρύν
1117 3633 1172 3696 pro
1196 3609 1326 3694 νυχίῳ.

191 3721 247 3785 Vs.
273 3719 338 3783 850
361 3739 465 3782 verum
486 3714 624 3779 videtur:
648 3719 709 3780 παῖ
730 3719 793 3780 παῖ
812 3709 851 3783 τό
871 3741 915 3783 τε
935 3724 1048 3786 κανοῦν
1074 3714 1164 3812 αἶρε
1191 3725 1244 3790 καὶ
1271 3717 1328 3814 τήν

190 3836 340 3925 χέρνιβα,
360 3839 390 3896 et
413 3855 456 3896 vs.
477 3832 562 3895 893:
586 3819 732 3893 ἄπελθ’
751 3821 812 3917 αφ’
832 3820 922 3917 ἡμῶν
942 3832 995 3897 καὶ
1024 3829 1066 3900 od
1096 3836 1151 3901 καὶ
1180 3832 1221 3903 τοὶ
1250 3838 1328 3921 ςὲμ·

190 3973 281 4034 ματα
304 3952 371 4026 ira,
395 3971 456 4034 qua
480 3948 553 4012 haec
578 3946 742 4021 dicuutur,
766 3944 891 4009 suadet:
911 3934 1056 4034 ἄπερρ’
1076 3940 1135 4037 εἶφ’
1154 3939 1244 4039 ἡμῶν
1263 3949 1327 4016 ντὲ.

192 4065 361 4133 Cf.Nubb.
379 4067 443 4130 773
464 4069 494 4128 et
517 4062 604 4127 Eccl.
631 4064 704 4125 169.
729 4061 784 4124 Vs.
805 4061 886 4125 956:
915 4059 1006 4127 aoorl
1036 4055 1083 4144 μοὶ
1114 4059 1171 4128 Al'
1197 4056 1259 4148 ἐμοὶ
1289 4057 1327 4130 το

190 4174 289 4246 κακον
310 4169 462 4244 οὐδέποτ’
481 4168 625 4265 ἤλπισα,
657 4168 741 4241 οὕτω
763 4173 888 4258 ταχέως
917 4175 1058 4240 τοῦτον
1079 4166 1253 4241 πεπύσθαι
1272 4171 1330 4265 τήν

190 4293 298 4361 πολιν.
330 4292 413 4358 Mala
436 4291 651 4377 interpretatio
682 4288 783 4354 locum
809 4288 980 4375 perdidisse
1002 4288 1134 4353 videtur.
1159 4287 1259 4353 Τουτὶ
1289 4282 1329 4355 τό

189 4398 287 4476 κακόν
307 4409 373 4496 ipse
388 4416 517 4473 vocatur
540 4412 647 4494 poeta,
662 4407 700 4471 cl.
718 4429 760 4471 vs.
784 4407 847 4472 931
863 4411 894 4471 et
907 4407 991 4472 992:
1015 4428 1125 4492 quare,
1142 4405 1240 4471 deleta
1266 4405 1327 4471 vir-
