3024 5264
531 1479 975 1574 PRAEFATIO.

228 2086 379 2158 Quamvis
403 2086 554 2149 arcuatis
581 2085 654 2149 inde
678 2085 778 2150 literis
802 2085 837 2148 ad
863 2085 946 2150 huno
970 2109 1067 2170 usque
1091 2085 1171 2148 diem
1197 2086 1319 2171 plurimi

184 2203 323 2268 homines
351 2205 497 2268 Graecam
520 2201 657 2289 linguam
682 2203 797 2288 optime
822 2201 969 2267 callentes
991 2203 1146 2288 iidemque
1169 2224 1229 2265 non
1253 2224 1321 2267 raro

184 2321 364 2385 acutissimo
376 2319 507 2405 praediti
527 2319 652 2405 ingenio
668 2319 799 2384 intentis
812 2319 930 2384 viribus
943 2320 975 2384 id
989 2321 1087 2407 egisse
1100 2320 1228 2406 putandi
1242 2321 1321 2393 sint,

184 2437 420 2501 utveterisaevi
443 2435 608 2520 scriptores
632 2446 696 2499 turn
723 2436 909 2521 optimorum
942 2436 1086 2501 codicum
1114 2436 1230 2500 auxilio
1253 2440 1321 2500 tum

186 2551 348 2618 divinandi
370 2549 517 2616 facultate
543 2552 640 2616 adiuti
663 2574 752 2636 quam
766 2553 1030 2618 emendatissimos
1046 2552 1187 2630 ederent,
1207 2552 1321 2617 nihilo-

185 2671 288 2734 minus
304 2667 411 2753 negari
431 2688 491 2730 non
512 2673 614 2753 potest
637 2669 729 2733 etiam
742 2668 835 2732 hodie
846 2669 878 2733 in
893 2669 1011 2755 optimo
1024 2675 1053 2733 et
1070 2669 1231 2734 tritissimo
1248 2692 1322 2754 quo-

185 2807 243 2869 que
256 2785 404 2869 scriptore
415 2805 505 2868 qnam
518 2783 666 2869 plurimos
683 2789 802 2848 exstare
820 2783 919 2862 locos,
940 2786 1052 2870 quibus
1074 2795 1127 2850 aut
1151 2786 1320 2850 Graecitati

187 2906 239 2966 aut
259 2901 431 2966 sententiae
447 2901 509 2965 vim
533 2901 640 2965 inferri
665 2906 816 2987 appareat.
840 2901 939 2973 Quam
961 2902 1059 2967 multa
1082 2907 1181 2967 autem
1205 2904 1237 2966 in
1260 2901 1321 2966 hoc

186 3039 308 3102 quoque
325 3039 436 3104 genere
467 3022 590 3081 nostrae
610 3017 719 3081 aetatis
741 3017 861 3080 criticis
885 3016 1002 3104 agenda
1025 3018 1200 3102 supersint,
1230 3017 1321 3082 facile

186 3135 391 3222 intelligimus
406 3133 569 3210 Dindorfii
589 3133 753 3211 Meinekii,
766 3133 886 3211 coleti,
898 3133 1027 3198 aliorum
1042 3132 1221 3198 uberrimam
1235 3157 1321 3222 egre·

185 3253 305 3339 giorum
326 3248 573 3314 emendationum
602 3250 721 3335 copiam
745 3250 777 3312 in
802 3250 928 3336 scriptis
952 3256 1086 3315 veterum
1112 3252 1321 3316 monumentis

186 3367 325 3452 quotidie
345 3367 438 3431 ferme
458 3366 652 3430 admirantes.
686 3369 717 3431 A
739 3388 867 3451 quorum
894 3369 1027 3432 virorum
1053 3369 1240 3455 praestantia
1264 3369 1321 3433 etsi
1346 3395 1347 3398 ¹
1416 3399 1417 3403 ¹

184 3483 279 3570 longo
301 3482 466 3548 intervallo
486 3505 533 3548 me
552 3488 702 3548 remotum
721 3505 786 3548 esse
804 3485 921 3561 sentin,
943 3483 997 3547 diu
1016 3489 1118 3549 tamen
1139 3489 1186 3550 est
1206 3507 1243 3549 ex
1261 3507 1322 3571 quo

184 3598 308 3663 illorum
321 3599 468 3685 exemplis
488 3600 607 3664 excitus
620 3600 745 3663 insitam
770 3600 873 3663 animo
896 3599 1056 3665 iudicandi
1078 3605 1108 3665 et
1130 3601 1323 3687 reperiendae

185 3713 326 3780 veritatis
348 3714 526 3779 facultatem
550 3714 690 3780 excolere
712 3720 741 3780 et
766 3715 936 3781 excolendo
963 3738 1073 3802 augere
1097 3717 1193 3802 coepi.
1216 3718 1322 3790 Quum

185 3853 258 3896 vero
269 3829 363 3896 huius
383 3832 480 3896 studii
501 3831 687 3897 documenta
708 3833 856 3918 quaedam
878 3832 947 3897 aliis
961 3832 1177 3898 occasionibus
1202 3833 1322 3919 prolata

185 3946 261 4012 viris
277 3946 407 4012 eruditis
428 3970 490 4012 non
508 3947 704 4035 displicuisse
723 3949 949 4025 intellexerim,
972 3970 1056 4013 nuno
1079 3970 1200 4032 quoque
1219 3947 1322 4032 aliqua

184 4085 252 4149 spes
281 4085 328 4127 me
346 4068 431 4128 tenet
453 4064 537 4143 fore,
575 4069 611 4128 ut
634 4064 728 4130 iidem
751 4064 806 4130 has
831 4065 1045 4129 adnotationes
1081 4065 1207 4129 criticas
1230 4065 1322 4130 bene·

184 4178 255 4243 volo
286 4178 405 4243 iudicio
439 4180 606 4266 excipiant.
642 4183 681 4245 ln
716 4181 774 4246 hac
808 4187 907 4246 antem
936 4181 1105 4266 scriptione
1134 4181 1167 4245 id
1190 4181 1256 4268 egi,
1286 4184 1321 4243 ut
1413 4226 1416 4231 -

183 4295 499 4381 qnam.paucissimis
535 4297 636 4361 verbis
671 4297 795 4386 singula
829 4296 1023 4362 absolverem.
1055 4296 1180 4361 Etenim
1209 4295 1321 4360 docue-

182 4417 231 4478 rat
264 4433 311 4476 me
355 4418 424 4477 tum
465 4412 564 4478 aliena
602 4417 667 4478 tum
703 4436 769 4480 mea
802 4435 923 4501 quoqne
960 4412 1147 4499 experientia
1194 4413 1227 4477 in
1260 4411 1320 4476 hoc
