3024 5264
737 415 760 482 4

188 589 219 666 7,
244 587 299 676 14)
324 612 449 656 vocasse
471 590 620 678 suspicor.
650 592 781 659 Rectius
805 617 927 682 quoqne
948 617 1100 662 vencnum
1122 618 1213 683 qnam
1237 596 1328 663 αἰοκι

188 701 248 788 (sio
264 704 346 771 enim
367 701 503 796 ἔκφυσιν
522 707 781 796 interpretantur)
804 701 971 795 στομωτὸν
993 712 1056 778 dici
1069 712 1328 801 posssexistimo.

230 1051 333 1119 Schol.
350 1053 443 1121 Pind.
460 1054 552 1141 Pyth.
568 1059 641 1136 III,
660 1063 718 1125 at:
741 1051 779 1125 τό
800 1036 1084 1147 ὑποκουρίζεσθάι
1104 1049 1234 1135 αόιδαῖς
1255 1052 1329 1124 εἷπε

186 1158 241 1232 dni
260 1160 299 1232 τὸ
319 1161 396 1245 τους
416 1161 592 1254 ὐμνοῦιτας
612 1169 937 1263 έπευφημιζομένους
967 1169 1069 1258 λέγειν
1097 1163 1168 1237 συν
1192 1161 1329 1262 κόροις

185 1302 227 1346 τε
246 1279 313 1346 καί
332 1271 479 1372 κόραις.
505 1275 668 1369 Αἰσχύλος
687 1285 843 1354 Δαναίσι·

340 1383 466 1460 κᾶπειτ’
484 1386 588 1462 ἰῖνεισι
608 1389 758 1487 λαμπρόν
778 1388 871 1487 ἡλίου
892 1386 999 1485 φάος,

341 1505 404 1583 ἕως
421 1498 451 1573 τ’
472 1498 590 1597 ε’γείρει
608 1511 799 1600 πρευμενῶς
817 1504 895 1601 τους
914 1504 1078 1597 νυμφίους

340 1610 484 1704 νόμοισιν
503 1614 611 1704 ὕμνων
638 1617 719 1688 eodo
740 1611 852 1710 κόροις
874 1619 986 1686 τεκαὶ
1008 1609 1154 1710 κόραις,

232 1732 286 1798 Vs.
311 1733 329 1798 1
350 1723 490 1800 κίἰπειτα
510 1725 540 1800 δ’
560 1726 623 1801 εἰσι
642 1741 673 1802 et
695 1760 738 1803 vs.
760 1742 779 1801 2
802 1735 865 1811 ἕως
885 1727 1000 1822 έγείρω
1022 1737 1156 1802 correxit
1178 1736 1332 1824 Toupins,

185 1849 252 1937 ipse
271 1850 465 1936 πρευμενεῖς
487 1853 605 1916 mutavi
630 1853 663 1916 in
685 1853 877 1941 πρευμενῶς
896 1856 927 1915 et
952 1873 994 1917 vs.
1019 1855 1038 1916 3
1061 1839 1206 1933 νόμοισιν
1223 1842 1332 1935 ὕμνων

185 1963 296 2050 scripsi
320 1984 376 2049 pro
398 1955 525 2045 νόμοισι
544 1962 678 2031 θέντων.
702 1964 884 2032 Videndum
911 1971 1013 2033 tamen
1041 1988 1081 2032 an
1113 1989 1158 2032 vs.
1182 1969 1202 2032 2
1228 1963 1329 2032 corri-

188 2081 324 2170 gendum
347 2079 390 2144 sit
414 2079 538 2166 potins:

361 2190 424 2268 ἕως
443 2185 472 2257 τ’
493 2184 645 2282 ἐπεγερεῖ
663 2196 856 2284 πρευμενῶς
874 2188 954 2272 τούς
972 2194 1153 2284 νυμφίους,

186 2309 337 2396 siquidem
364 2305 439 2372 hacc
472 2308 592 2374 Futuro
628 2314 763 2398 temporo
794 2311 880 2377 dicta
910 2334 976 2377 csse
1001 2314 1128 2398 apparet
1158 2331 1196 2374 cx
1225 2299 1331 2375 ἰῖνεισι

187 2450 231 2493 vs.
255 2429 284 2492 1.
305 2425 386 2490 Nam
409 2424 457 2488 sin
482 2426 601 2504 minus,
625 2427 801 2513 scripsisset
821 2417 999 2516 ἀνέρχεται.
1021 2427 1147 2514 Optime
1163 2423 1331 2492 Nanckius

188 2541 321 2610 conferri
345 2539 432 2607 iubet
460 2540 597 2626 Hesych.
622 2546 642 2608 2
665 2566 694 2631 p.
717 2545 794 2611 333.

190 2869 193 2877 ι
233 2894 343 2983 Antig.
379 2893 498 2980 Caryst.
536 2893 621 2960 Hist.
656 2894 730 2960 Mir.
754 2917 781 2960 o.
805 2895 889 2960 115:
919 2892 985 2958 ταῖν
1013 2889 1050 2958 dd
1076 2888 1207 2980 θηλέων
1237 2879 1332 2975 ζηίων

189 2997 412 3100 ροπικοῖτερόν
433 3027 534 3098 φησιν
554 3003 635 3075 εἶναι
655 3001 814 3096 πρὸςτην
834 3003 1007 3073 συνουσίαν
1029 3000 1332 3092 ἵππον-φαίνεται

189 3118 303 3187 δὲκαὶ
328 3116 494 3206 Αἰσχύλος
519 3118 689 3208 ἱστορικοῖς
708 3113 747 3186 τέ
767 3119 913 3186 τοιοῦτον
941 3109 1044 3192 οὕτως
1069 3137 1142 3191 πως
1171 3111 1332 3203 εἰρηκέναι

189 3226 274 3323 πρὸς
301 3226 360 3309 τοίς
388 3230 579 3322 παρθένους
600 3223 633 3297 ἐν
652 3236 725 3307 ταῖς
748 3222 934 3311 Τοξότισιν·

396 3341 509 3411 αἰδοῖ
526 3337 600 3432 γαρ
622 3335 733 3430 ἁγναῖς
752 3339 935 3431 παρθένοις
956 3337 1120 3428 γαμηλίων

396 3455 534 3546 λέκτρων
554 3447 667 3545 ἑτοίμη
688 3446 882 3539 βλεμμάτων
904 3451 1016 3542 ῥέπειν
1036 3441 1119 3539 βολὴ
1140 3445 1206 3516 κτέ.

189 3575 210 3641 i.
234 3597 259 3638 e.
278 3596 357 3658 prae
377 3573 495 3657 μυιίονι
517 3572 598 3636 enim
619 3571 763 3654 innuptis
780 3569 901 3654 puellis
925 3568 1075 3632 λαωίνιαοι
1104 3564 1188 3629 acics
1210 3571 1333 3648 parato

190 3698 237 3756 cat
259 3711 381 3774 οινγινι
403 3689 550 3753 morsum.
582 3687 644 3753 Pro
664 3676 752 3750 dono
771 3687 843 3760 ταῖς
864 3684 902 3748 dc
933 3704 998 3747 meo
1024 3680 1137 3765 scripsi
1158 3673 1250 3744 αἰδοῖ
1267 3671 1330 3766 γοίρ

189 3811 221 3872 ct
259 3828 304 3871 vs.
338 3810 358 3873 2
394 3827 450 3893 pro
471 3824 564 3868 αστει
589 3826 634 3890 μη
657 3800 727 3866 dedi
751 3795 864 3887 έτοίμη
885 3821 956 3866 cnm
987 3797 1182 3873 Hermanno,
1218 3791 1331 3857 deinde

191 3917 303 4009 ῥέπειν
322 3944 379 4010 pro
400 3916 496 4008 ῥέπει
517 3940 583 3982 meo
617 3918 736 3984 Marte:
771 3917 819 3981 Ex
854 3916 913 3984 hac
949 3914 1127 3980 coniectura
1161 3909 1330 3976 Genitivns

190 4034 354 4123 γαμηλίων
380 4033 519 4123 λέκτρων
550 4034 664 4121 pendet
693 4034 731 4099 ab
764 4022 892 4116 ἁγναῖς,
925 4051 1003 4117 qnae
1036 4049 1085 4093 ros
1119 4025 1237 4122 nemini
1269 4024 1331 4089 erit

191 4150 371 4232 offensioni,
397 4151 451 4234 qui
475 4151 649 4216 meminerit
671 4142 767 4234 ἁγνός
788 4142 899 4232 γάμων
917 4151 949 4212 et
972 4143 1089 4210 similia
1112 4141 1241 4228 tragicis
1264 4163 1332 4206 esse

191 4265 363 4335 tritissima.
386 4269 504 4335 Contra
526 4265 700 4353 tautologia
726 4261 868 4328 laborant
891 4261 1098 4328 correctiones
1123 4279 1245 4336 corum,
1274 4257 1331 4342 qui

192 4405 249 4475 pro
280 4405 372 4451 αστει
395 4406 441 4474 μη
470 4383 668 4450 substituunt
699 4368 872 4466 ἀπείροις,
897 4386 934 4445 nt
966 4378 1043 4444 fecit
1076 4373 1246 4454 Hoathins,
1281 4373 1331 4442 vel
