3024 5264
617 457 679 519 127

75 615 206 696 Bothii‚
237 620 367 685 sirecte
386 624 527 702 memini,
554 620 830 716 παραδιὸρθωσις
855 632 1032 716 reponentis
1056 624 1207 701 θάνατον.

76 731 164 796 Nam
184 725 267 798 κακαὶ
285 723 427 799 θάνατον
446 728 526 802 εἶναι
545 761 600 826 pro
634 741 823 828 τεθνηκέναι
867 747 1020 811 Graecum
1052 768 1114 812 nou
1144 769 1210 812 esse

76 846 173 925 satis,
196 846 298 924 eredo,
320 856 450 920 constat
473 854 558 928 Quid
581 855 703 943 igitur?
730 847 890 940 Θακόνια,
912 861 938 924 si
962 881 1009 925 me
1031 861 1136 939 audis,
1163 867 1210 927 est

76 958 232 1046 glossema
251 964 394 1031 vocabuli
416 970 516 1035 minus
539 970 692 1057 vulgaris,
705 972 903 1057 scripsitque,
917 975 950 1038 ni
965 975 1098 1040 multum
1109 975 1209 1057 fallor,

78 1072 269 1161 Sophocles:
297 1078 330 1145 at
349 1073 428 1170 χρῆ,
452 1074 653 1172 φθίμενόν
683 1109 729 1149 νιν
750 1076 772 1171 ἢ
790 1077 997 1154 κάθυπνον
1030 1090 1092 1176 (sio
1125 1096 1210 1157 reete

79 1189 257 1276 Dobraeus)
282 1180 360 1258 ὄντα
378 1199 497 1283 κρῖναι;
521 1197 568 1262 uf.
591 1220 634 1262 vs.
658 1197 777 1263 antistr.
801 1204 877 1276 968,
901 1200 953 1265 ubi
978 1207 1084 1270 neseio
1106 1228 1210 1271 annon

78 1309 219 1391 praestet
249 1305 382 1372 seribere
412 1299 576 1395 πρόκλαοκ
608 1333 690 1377 more
720 1312 891 1399 Sophocleo
925 1318 992 1382 sine
1026 1331 1210 1407 augmento,

78 1420 154 1504 quia
176 1420 257 1506 apud
285 1419 369 1488 huno
394 1430 514 1509 poetam
537 1428 708 1492 carminum
735 1426 963 1513 strophioornm
1000 1443 1030 1498 et
1062 1436 1210 1501 antistro-

77 1531 241 1619 phioorum
265 1535 406 1623 singulae
429 1539 567 1625 syllabae
590 1542 650 1607 sibi
674 1539 857 1627 respondere
880 1544 991 1611 solent.

124 1650 181 1714 Vs.
206 1654 283 1716 98⁷:
305 1639 359 1738 ἆρ’
378 1645 518 1743 ἐξῄδης
539 1648 617 1722 ὅσον
637 1654 700 1723 uni.
721 1659 825 1745 Lege:
848 1649 1039 1747 s'gp'dpod'
1058 1653 1145 1729 ὅσον.

124 1766 181 1830 Vs.
196 1769 294 1831 1015:
340 1755 409 1830 οὐδ’
429 1757 596 1853 ἀπαράξαι
616 1770 720 1856 κρᾶτα
739 1768 816 1852 βίου
840 1768 933 1836 θέλει

340 1869 463 1959 μολών
482 1878 541 1943 τοῦ
564 1882 714 1967 ςαγεροῦ;
738 1881 901 1969 pestorani.

79 2079 224 2146 Formosa
244 2069 352 2160 ponte
375 2090 553 2165 corruptum
573 2083 619 2143 est
636 2101 689 2144 ex:
705 2018 812 2163 idon,
835 2087 870 2145 ut
882 2080 1135 2163 Genitivusdtov
1149 2081 1210 2149 uod

79 2194 224 2280 ςυγεροῦ
241 2192 366 2271 habeat,
389 2192 470 2258 unde
493 2215 658 2279 suspensus
684 2194 735 2258 sit.

125 2307 183 2372 Vs.
206 2311 306 2373 1046:
330 2296 358 2370 ὦ
379 2298 485 2372 πολλοὶ
506 2298 546 2393 δή
567 2303 621 2373 καὶ
648 2298 761 2393 θερμαὶ
791 2298 862 2371 κου’
886 2299 988 2393 λόγῳ
1017 2297 1116 2372 κακαὶ
1144 2303 1208 2373 net.

78 2420 175 2492 Quod
198 2421 405 2509 reponendum
429 2417 626 2507 suspicabar:
648 2417 717 2483 καὶ
736 2407 860 2504 λόγων
880 2416 1005 2507 πέρα,
1029 2419 1208 2485 iamdudum

80 2540 154 2601 ante
169 2559 215 2601 me
237 2537 432 2623 proposuisse
456 2534 648 2600 Wunderum
668 2553 752 2597 nuno
777 2532 873 2596 video.
897 2533 990 2598 Certa
1012 2538 1074 2610 est,
1096 2534 1124 2599 si
1147 2556 1207 2620 qua

81 2650 165 2730 alia,
187 2651 366 2717 emendatio.

128 2765 183 2829 Vs.
208 2766 308 2830 1175:
332 2763 395 2827 δεῖ
415 2755 445 2827 o’
464 2751 512 2827 αὖ
531 2759 692 2847 γενέσθαι.
722 2760 881 2826 Particula
904 2748 946 2825 αὖ
965 2784 1028 2825 non
1049 2768 1096 2828 est
1114 2761 1208 2828 huius

80 2881 155 2946 loui.
173 2880 316 2946 Fortasse
337 2879 617 2964 transponendum:
638 2895 681 2938 ue
712 2876 775 2940 δεῖ
801 2873 955 2959 γενέσθαι
981 2875 1067 2959 τῷδε
1095 2869 1209 2963 τάνδρὶ

81 3014 260 3080 suppum.

584 3192 706 3206 m

127 3354 294 3420 Addantur
315 3352 392 3421 haee
412 3374 532 3440 pausa:

126 3470 303 3534 Erinnuaau
330 3492 376 3535 vs.
403 3471 483 3534 170:
514 3463 548 3532 ui
574 3464 636 3554 γὰρ
668 3456 725 3530 οὐκ
755 3461 827 3545 ἐμοὶ
857 3455 987 3550 ἔρχαται
1018 3452 1210 3547 ἀγγελίας

83 3696 181 3782 κῆναι.
204 3696 361 3761 Fortasse:
382 3692 416 3760 τί
437 3686 499 3782 γαρ
520 3683 593 3774 ου’χί
611 3713 667 3772 μοι
689 3683 820 3777 ἔρχεται
840 3685 921 3768 (soil.
942 3689 1083 3772 Orestes)
1104 3677 1210 3774 dyye.

83 3808 190 3884 λίαις
217 3800 468 3896 desumptam
496 3797 560 3869 oiel
581 3800 643 3867 κιὲ.
665 3803 721 3881 vel,
745 3801 827 3888 quod
852 3802 955 3865 eodem
976 3800 1076 3866 redit:
1099 3791 1208 3886 oiyye-

82 3922 190 3995 λίαις
210 3912 367 3986 cinaeda
391 3917 423 4001 μ’
449 3912 532 4001 αεὶ,·
554 3911 617 3983 dal
638 3916 696 4000 μὲν
715 3914 778 3981 κιὲ.
821 3915 914 3988 Quod
949 3916 1208 4002 interpretantur:

83 4037 159 4121 quid
178 4037 256 4098 mtto·
278 4036 414 4099 mittitur
435 4035 619 4108 nuntiorum,
646 4036 727 4118 quod
747 4055 807 4096 uon
825 4032 998 4117 saltator?
1020 4033 1065 4096 ita
1095 4034 1210 4097 Graece

84 4151 146 4216 dici
166 4171 255 4237 posse
278 4151 344 4214 sine
370 4151 490 4214 idoneis
514 4148 662 4234 exemplis
685 4169 773 4212 nemo
792 4146 867 4210 milri
896 4147 1099 4230 persuadebit.

127 4267 182 4328 Vs.
206 4268 288 4331 838:
311 4261 419 4351 ἕρκεσι
442 4258 634 4351 κρυφθέντα
662 4261 857 4346 γυναικῶν.
889 4260 1005 4326 Immo:
1027 4247 1211 4344 γυναικός

84 4381 286 4468 (Eriphylae).
