3024 5264
729 451 790 514 181

241 623 273 707 1)
297 621 519 709 compendium
554 621 735 689 historicum
772 648 788 690 a
824 627 978 691 creatione
1011 627 1120 692 mundi
1156 651 1252 713 usque
1286 631 1325 695 ad

194 735 357 802 Valentem
391 737 599 823 imperatorem
635 729 807 827 οίκίφαλον,
844 741 998 827 incipiens
1030 764 1047 805 a
1080 743 1198 810 verbis:
1232 766 1326 811 ..σου

194 841 343 938 α’πείρως
370 849 422 914 καί
444 842 594 925 unauna
612 852 654 939 τῇ
682 852 723 940 χῇ
756 853 1009 941 περικεχυμένης
1040 853 1225 942 προσέταξε
1252 879 1327 922 σεε·

193 960 306 1050 ρίωμα
320 960 474 1046 γενέσθαι
484 960 518 1028 ἐκ
532 953 733 1030 τῶνίδοίεων
745 962 878 1050 ἐνμέσῳ
892 957 1005 1031 αὐτῶν.
1017 968 1211 1034 Terminatur
1224 977 1323 1035 autem

195 1076 315 1141 verbis:
337 1067 558 1163 προσβάλλειν
589 1074 793 1163 ἐπεχείρουν·
824 1074 878 1142 ἐπὶ
901 1069 1029 1154 τούτοις
1050 1079 1087 1146 δὲ
1106 1083 1259 1165 χαλεπῶς
1288 1078 1323 1173 ἦ,

194 1215 270 1277 quae
288 1192 408 1255 faciunt
431 1191 520 1254 firrem
543 1191 756 1276 quaternionis
777 1181 837 1271 xpl'.
868 1193 964 1257 Deest
997 1198 1159 1279 quaternio
1182 1186 1239 1281 κγ’.
1263 1199 1325 1264 Oo-

195 1306 274 1372 dicis
295 1308 438 1383 initium,
471 1312 542 1372 ute
564 1308 654 1392 primi
679 1308 892 1391 quaternionis
914 1309 1032 1374 ratione
1055 1319 1193 1396 apparet,
1228 1316 1324 1380 unius

193 1429 314 1486 tantum
346 1421 413 1486 lolii
438 1421 558 1487 delectu
582 1421 710 1488 laborat.
741 1423 800 1487 Est
831 1429 930 1487 autem
956 1423 1015 1489 hcc
1045 1449 1121 1512 opus
1151 1420 1172 1513 ἡ
1202 1422 1325 1515 φυσική

193 1535 321 1616 ἱστορία
339 1536 399 1600 τοῦ
421 1526 663 1617 Πολυδεύκους,
697 1560 787 1622 quam
826 1561 853 1603 a.
892 1543 976 1604 1795
1012 1542 1149 1606 Joanncs
1181 1543 1323 1627 Baptista

190 1651 384 1717 Bianeonius
414 1675 452 1716 ex
485 1651 545 1717 hoc
572 1652 679 1717 codice
708 1653 891 1739 descriptam
916 1654 1024 1720 edidit.
1053 1657 1241 1721 Continetur
1263 1657 1323 1722 hoc

192 1789 270 1853 opus
293 1767 378 1832 loliis
393 1769 455 1834 175
479 1769 500 1832 i.
525 1790 550 1832 e.
581 1770 623 1833 22
656 1769 926 1853 quaternionibus,
949 1777 1076 1858 excepto
1109 1773 1206 1859 primo
1229 1772 1323 1852 folio,

192 1872 288 1968 qnid,
312 1889 347 1949 nt
371 1885 432 1948 iam
453 1882 605 1962 diximus,
628 1884 729 1969 periit.

236 2094 271 2178 2)
294 2089 467 2163 Quateruio
489 2079 536 2154 ad
560 2089 673 2175 incipit
697 2111 713 2153 a
736 2089 910 2154 vocabulis:
948 2083 1128 2177 οίθὲμρνος,
1157 2080 1324 2172 μιοοίθεος

192 2196 355 2287 decipiatve
376 2204 458 2291 (sic),
491 2227 568 2289 quae
588 2204 746 2269 emendate
773 2204 919 2291 leguntur
952 2205 985 2269 in
1017 2204 1154 2268 editione
1186 2204 1322 2269 Bekkeri

190 2319 292 2386 Berol.
325 2342 351 2384 a.
377 2323 462 2383 1846
502 2319 693 2385 Onomastica'
726 2321 888 2397 Pollucis,
920 2323 958 2384 A.
992 2321 1010 2403 q
1041 2323 1092 2383 al.
1127 2319 1320 2404 Quamquam

192 2435 288 2500 codex
310 2440 451 2500 exaratus
478 2441 525 2500 est
548 2457 565 2498 a
587 2434 730 2513 librario,
755 2441 790 2500 ut
812 2435 860 2500 vel
880 2435 1010 2500 etribus
1032 2435 1140 2520 primis
1162 2434 1320 2498 vocabulis

190 2556 330 2635 apparet,
363 2551 578 2615 indoctissimo
601 2555 693 2635 atque
712 2550 943 2636 stupidissima,
973 2549 1177 2613 nihilominus
1197 2571 1213 2613 e
1236 2550 1321 2613 fonte

188 2687 328 2730 manasse
343 2666 463 2730 videtur
479 2665 622 2730 nonnihil
642 2667 817 2744 sinceriore,
833 2688 922 2750 quam
947 2665 1073 2750 reliqua,
1087 2688 1164 2750 quae
1175 2665 1320 2729 habemus

189 2781 373 2868 exemplaria
397 2782 612 2868 manuscripta.
647 2781 822 2846 Dolendum
855 2787 955 2846 tamen
990 2786 1037 2845 est
1069 2803 1131 2844 uon
1162 2782 1317 2866 integrum

189 2898 411 2962 Onomaetioon
435 2900 468 2962 in
492 2898 600 2962 codice
622 2897 696 2961 adeo
725 2902 846 2962 vetusto
866 2902 1000 2972 exstare,
1035 2897 1086 2960 scd
1110 2898 1319 2982 fragmentum

187 3035 252 3078 esse
277 3012 419 3078 foliorum
440 3013 483 3078 48
508 3014 565 3097 (ε
588 3014 608 3078 3
632 3014 895 3098 quaternionum).
926 3013 1051 3078 Finitnr
1073 3013 1101 3077 B
1125 3013 1143 3095 q
1169 3013 1211 3076 77
1231 3034 1275 3076 vs.
1296 3016 1315 3074 6

188 3127 338 3193 vocabulo
360 3126 501 3202 Λυσίας.
523 3129 704 3215 Saepissime
720 3135 820 3194 autem
842 3135 872 3193 et
891 3129 928 3193 dc
942 3128 1106 3204 industria,
1127 3134 1163 3191 ut
1175 3126 1317 3204 videtur,

187 3245 285 3310 multa
307 3243 457 3310 vocabula
480 3245 592 3309 omissa
615 3249 700 3322 sunt,
720 3245 766 3309 ita
786 3250 822 3309 ut
843 3267 904 3309 non
928 3266 998 3308 raro
1016 3245 1164 3330 epitomes
1184 3243 1315 3329 speciem

185 3383 259 3448 prae
277 3383 310 3425 se
331 3361 424 3439 ferat,
448 3361 595 3438 nudefit,
618 3366 654 3424 ut
673 3361 851 3425 cautissime
870 3359 930 3424 hoc
951 3359 1060 3425 codice
1082 3358 1229 3423 utendum
1252 3379 1317 3422 esse

184 3475 334 3542 videatur.
357 3477 481 3541 Etenim
504 3480 592 3540 tanto
615 3481 740 3562 stupore
771 3498 859 3561 saepe
881 3477 980 3540 oratio
1005 3480 1166 3540 contracta
1200 3480 1248 3538 est
1280 3473 1313 3536 in

184 3592 329 3668 brevius,
355 3600 392 3657 ut
419 3592 624 3678 fragmentum
642 3590 862 3677 Aristophanis
886 3615 913 3656 r.
942 3614 967 3656 c.
1000 3591 1158 3655 tribuatur
1184 3588 1316 3653 subinde

183 3706 324 3786 Platoni,
346 3707 394 3772 vel
414 3705 631 3793 Xenophontis
653 3706 839 3791 Antiphani.
863 3707 930 3772 Hos
954 3706 1053 3792 igitur
1081 3710 1129 3770 tot
1151 3710 1315 3790 tantosque

183 3843 299 3887 errores
318 3844 387 3887 cum
408 3821 573 3886 lectoribus
586 3822 812 3887 communicare
829 3822 964 3886 hominis
976 3820 1053 3885 mihi
1066 3843 1130 3884 esse
1152 3819 1314 3883 videbatur

182 3937 349 4003 immodice
380 3938 478 4001 aliena
504 3935 699 4022 indulgentia
732 3936 906 4014 abutentis,
937 3936 1067 4021 ideoque
1097 3959 1113 4000 e
1147 3933 1313 3999 collatione

183 4075 266 4130 mea,
288 4075 379 4138 quam
404 4075 472 4118 eum
492 4052 682 4139 pulvisculo,
698 4052 778 4137 quod
792 4053 889 4130 aiunt,
909 4050 1079 4116 Mediolani
1101 4051 1215 4138 degens
1238 4071 1312 4113 eon·

181 4167 328 4250 feceram,
351 4192 386 4234 ea
408 4169 518 4256 selegi,
552 4192 628 4254 quae
657 4173 710 4234 aut
732 4168 825 4232 editis
849 4167 1013 4230 manifesto
1047 4169 1223 4251 praestent,
1257 4167 1311 4226 aut

182 4283 314 4368 aliquem
339 4291 421 4350 certe
451 4286 588 4350 fructum
622 4283 793 4349 scientibus
827 4281 970 4367 praebere
1005 4302 1094 4367 posse
1128 4279 1309 4354 videantur,

183 4399 358 4485 aliquando,
382 4400 434 4464 sed
450 4402 558 4479 rarius,
574 4399 764 4465 intermixtis
777 4397 1001 4484 insignioribus
1025 4395 1208 4480 quibusdam
1232 4394 1308 4457 scri·
