3024 5264
843 434 884 492 58

347 594 464 660 Polluo.
500 599 560 660 On.
593 597 664 676 IX,
696 603 737 664 15
770 591 854 683 τάχα
875 593 905 666 δ’
932 591 971 664 iia
992 601 1043 686 είη
1064 592 1159 690 κάρη,
1183 595 1229 677 ῶς
1248 595 1431 690 Εὐριπίδης

301 701 448 792 ῶνόμσσε
475 701 634 796 πάρθενον
654 709 686 778 ἐν
707 711 870 800 Σκίρωνι
895 711 996 797 λέγων
1025 711 1105 800 περί
1133 715 1196 777 τῶν
1220 711 1252 778 ἐν
1273 712 1431 799 Κορίνθῳ

301 816 516 908 ἑταιρουσῶν·

496 929 631 1008 καὶτοῖς
650 931 709 1017 μὲν
728 925 816 1014 άξει,
838 933 948 1000 πῶλον
969 925 1007 1020 ἢν
1029 933 1130 1017 διδῷς
1150 934 1219 1016 ἕνα,

496 1036 555 1119 τάς
577 1041 614 1109 δὲ
634 1037 793 1133 ξονωρίδ,
817 1045 852 1111 αἱ
873 1043 910 1110 δὲ
930 1042 1024 1111 κάπὶ
1044 1037 1212 1135 τεσσάρων

499 1158 658 1243 φοιτῶσιν
675 1155 788 1223 ἳππων
809 1149 975 1245 ἀργυρῶν·
997 1158 1131 1246 φιλοῦσι
1151 1156 1189 1224 δὲ

496 1259 561 1332 τδν
581 1265 616 1346 ἐξ
636 1260 789 1354 Ἀθηνῶν,
810 1252 992 1358 παρθένους
1013 1262 1090 1336 ὅταν
1112 1267 1200 1359 φέρῃ

499 1372 684 1453 πολλάς-

346 1489 401 1552 Vs.
426 1494 445 1552 2
470 1499 534 1554 erat
555 1513 649 1575 quum
675 1499 812 1578 putarem
843 1515 898 1578 pro
926 1483 1024 1556 κάπί
1044 1482 1212 1580 τεσσάρων
1233 1487 1296 1556 noi.
1318 1494 1428 1558 rescri-

302 1605 435 1668 bendum
464 1627 530 1668 esse
549 1595 638 1668 κοίντί
658 1596 824 1693 τεσσάρων
845 1604 899 1670 nri
921 1607 942 1669 i.
966 1629 990 1669 e.
1013 1614 1144 1690 quotuor
1166 1608 1252 1692 equis
1276 1611 1432 1691 τνρονιίιίι

302 1722 419 1803 copiam
430 1720 624 1805 aoifaciant.
637 1723 680 1782 At
696 1719 832 1798 fallebar,
852 1743 925 1784 nam
934 1721 972 1785 de
983 1721 1138 1785 industria
1149 1723 1193 1785 ita
1204 1729 1296 1809 poeta
1308 1722 1432 1788 locutus

301 1840 356 1899 est.
390 1834 503 1899 Verto:
547 1835 633 1898 σίνόι
673 1835 768 1898 etiam
793 1836 958 1920 -ριιοδιίρσ
998 1844 1103 1899 aeetae
1140 1844 1285 1920 σιρωιίισ
1314 1840 1433 1922 copiam

301 1955 352 2014 ιιιί
364 1951 507 2034 focium.
531 1950 598 2013 Ioci
623 1948 748 2013 aculeus
771 1956 817 2013 cst
840 1952 873 2013 in
897 1951 964 2037 ipsa
994 1951 1210 2038 ambiguitate3
1245 1974 1335 2036 quam
1368 1975 1432 2018 rem

301 2088 362 2128 non
378 2063 534 2129 intellexit
551 2065 700 2149 interpres
720 2065 853 2128 Latinus
870 2088 917 2150 ap.
942 2066 1115 2130 Didotiom.
1140 2067 1194 2131 Vs.
1217 2069 1239 2131 4
1259 2069 1370 2154 scripsi
1394 2091 1432 2133 ex

302 2181 424 2268 egregia
447 2179 556 2244 Cobeti
569 2178 781 2243 emendatione
791 2202 847 2265 pro
864 2179 1016 2268 vulgatis:
1037 2173 1108 2256 τάς
1119 2175 1155 2259 ἐξ
1164 2172 1236 2248 Ἀθ.
1248 2204 1283 2246 π.
1293 2175 1322 2247 δ’.
1333 2179 1432 2269 φέρῃ.

348 2655 433 2720 Stob.
455 2655 531 2723 GV.
558 2653 597 2718 16
620 2643 696 2740 Εδρ.
720 2643 887 2738 Σκάρισιν·

511 2767 580 2832 wari
602 2765 664 2830 τῶν
684 2762 842 2851 βροτείων
862 2754 908 2836 ῶς
929 2752 1094 2843 άνῶμαλσι
1114 2754 1226 2846 τύχοι·

507 2875 540 2943 οί
559 2877 617 2961 μὲν
636 2865 698 2962 γάρ
722 2863 758 2940 εὖ
777 2863 985 2963 πράσσουσι,
1005 2878 1076 2949 τοῖς
1097 2872 1135 2938 δὲ
1155 2874 1325 2963 συμφοραί

507 2987 644 3077 σκληραί
663 2977 814 3074 πάρεισιν
836 2981 1021 3068 εὐσεβοῦσιν
1043 2984 1091 3063 τίς
1114 2979 1217 3063 θεούς.

347 3104 464 3168 Versus
483 3103 573 3188 primi
598 3090 636 3166 τά
668 3081 740 3187 ἑξῆς
769 3098 829 3164 hoc
852 3103 915 3165 esti:
951 3097 1019 3186 φεῦ
1046 3097 1111 3181 τῶν
1131 3096 1290 3187 βροτείων
1310 3100 1432 3184 τυχῶν,

301 3213 348 3294 ῶς
368 3208 533 3300 άνοίμαλοί
552 3212 669 3291 (εἰσιν).
691 3213 762 3286 Qua
785 3236 818 3279 re
835 3235 896 3280 non
927 3211 1096 3288 intellecta,
1123 3213 1182 3278 viri
1207 3212 1293 3277 docti
1315 3216 1346 3277 et
1369 3213 1433 3278 vir-

301 3330 405 3419 gulam
439 3334 609 3416 posuerunt
640 3333 711 3414 post
739 3329 822 3416 φεῦ,
841 3333 872 3395 et
899 3329 944 3393 ita
967 3350 1088 3393 versum
1115 3328 1310 3415 interpretati
1342 3336 1434 3407 sunt,

301 3447 390 3532 quasi
414 3467 478 3509 non
501 3439 660 3528 βροτείων
673 3443 733 3508 sed
755 3443 881 3530 βροτῶν
895 3441 1054 3530 legeretur.
1076 3443 1117 3508 In
1128 3442 1191 3508 fine
1203 3449 1303 3509 autem
1328 3465 1434 3510 versos

301 3562 472 3629 rectissime
497 3579 550 3645 per
576 3559 815 3645 attractionem,
851 3580 941 3642 quam
975 3563 1107 3635 vocant,
1142 3557 1290 3624 scribitur
1318 3547 1432 3641 τάχαι,

302 3699 365 3742 non
395 3672 510 3757 τυχῶν.
541 3671 604 3744 Qui
628 3673 690 3741 duo
724 3695 831 3740 versus
865 3696 935 3751 eos,
968 3695 1044 3760 quos
1067 3673 1234 3761 adscripsi,
1256 3672 1432 3761 excipiunt,

303 3788 427 3879 legendi
449 3791 523 3853 sunt
545 3787 577 3853 in
602 3786 685 3854 hunc
709 3788 849 3855 modum:

300 3900 351 3969 νιεί
371 3902 478 3988 (vulgo
499 3899 566 3997 κοιί)
587 3890 681 3967 πάντ’
702 3897 844 3990 ἀκριβῶς
867 3893 945 3965 κάπι
970 3899 1155 3992 φροντίδων
1173 3898 1248 3983 βίον

302 4010 361 4082 οὐν
378 4016 426 4100 τῷ
448 4014 556 4103 (vulgo
577 4005 674 4092 οὕτω)
689 4011 803 4097 δικαίῳ
820 4013 927 4100 (vulgo
946 4016 1043 4088 -ως)
1060 4009 1157 4091 ζῶσιν
1174 4002 1328 4100 αἰσχύνης
1342 4003 1432 4098 άτερ.

301 4152 431 4216 quorum
448 4131 578 4216 priorem
601 4149 680 4216 ego,
702 4128 832 4196 alterum
858 4129 1012 4194 Gesnerus
1036 4127 1181 4192 correxit.

810 4331 944 4346 m
