3024 5264
852 439 897 504 td

305 617 326 682 i.
349 639 375 683 e.
397 638 492 682 ιιιαιιιι
512 610 591 681 aerei
606 623 726 700 potest,
742 615 798 680 red
815 634 885 680 γιον
904 617 1090 682 obtruditur,
1115 617 1170 683 Vs.
1191 619 1208 683 1
1232 616 1343 701 κοπίς,
1363 619 1439 685 olim

270 830 272 837 A
305 755 361 820 pro
384 729 471 804 νοτίς
505 730 684 797 coniectura
714 732 884 817 repositum
906 755 922 796 a
943 731 1187 812 Veterensem,
1210 733 1326 800 hebent
1349 737 1440 802 codd.

306 848 385 915 Ven.
413 851 478 913 m
501 853 534 913 et
559 847 631 912 Vae.
655 847 722 912 909
743 853 823 913 testo
846 846 1003 913 Neuokio.

821 990 934 1006 *—

350 1085 461 1152 Glossa
483 1083 654 1171 Sophocles
678 1083 758 1170 apud
782 1085 1024 1151 Grammatioum
1057 1085 1282 1152 Ooislinienum
1312 1111 1342 1173 p.
1375 1089 1438 1152 23⁷

306 1191 520 1285 ὀστιβογμεύς
552 1199 634 1265 haud
669 1199 761 1266 dubie
794 1212 938 1288 corrupte
962 1209 1008 1266 eet
1035 1222 1072 1268 ex
1095 1201 1208 1284 στίβον
1234 1193 1365 1288 ὀγμεύει
1396 1226 1442 1290 ep,

305 1313 399 1400 Soph.
423 1308 558 1380 Phiioet.
586 1317 658 1380 163.

792 1456 946 1480 —u—-d-i-

349 1551 492 1617 Eusteth.
515 1575 543 1638 p.
570 1553 671 1619 1908:
695 1550 793 1627 σέλας
815 1546 854 1621 od
874 1542 971 1637 μόνον
999 1543 1107 1642 πυρός
1137 1544 1220 1618 ἄλλα
1248 1553 1303 1618 καὶ
1330 1547 1441 1643 ἡλίου,

305 1661 386 1734 ὅθεν
407 1660 500 1752 παρὰ
522 1666 688 1754 Σοφοκλεῖ
705 1691 725 1754 η
747 1658 837 1754 ὅπη,
854 1659 906 1740 αἱς
926 1661 960 1730 ἐν
980 1667 1142 1756 ῥητορικῷ
1164 1659 1296 1756 εὕρηται
1318 1667 1443 1752 λεξικῷ.

305 1779 473 1866 Sophocles
498 1779 574 1845 Oed.
599 1766 666 1846 001,
690 1802 732 1845 vs.
759 1779 962 1846 sedixerat:
989 1780 992 1786 ’

512 1896 630 1982 σημεῖα
652 1885 682 1958 δ’
702 1887 790 1982 ἥξειν
810 1891 913 1958 τῶνδέ
934 1916 990 1975 μοι
1012 1884 1219 1982 παρηγγύα

511 1999 532 2094 ἢ
553 1995 700 2090 σεισμόν,
722 1997 743 2092 ἢ
764 1995 902 2094 βροντήν
922 2003 987 2087 τιν’,
1011 1999 1144 2094 ἢΛίὀς
1166 2005 1291 2080 σέλας.

351 2121 437 2188 Hine
473 2118 641 2186 Eustattrio
675 2119 788 2184 reddes
809 2110 830 2205 ἦ
852 2111 1034 2207 ἀστραπή
1056 2141 1111 2206 pro
1131 2112 1151 2206 ἡ
1172 2112 1260 2210 αἰιή.Ι
1287 2121 1348 2184 Sed
1375 2121 1443 2207 ipse

305 2234 392 2300 loeus
408 2233 615 2321 Sophoclem,
637 2257 726 2319 quem
743 2234 912 2321 adscripsi,
934 2257 973 2298 on
998 2258 1034 2299 ex
1057 2237 1141 2300 omni
1164 2241 1251 2321 perte
1274 2259 1367 2301 senus
1383 2237 1442 2315 sit,

305 2352 372 2416 iure
391 2350 526 2417 dubitari
558 2356 668 2438 potest.
699 2352 790 2416 Certe
820 2351 945 2415 verbum
978 2353 1180 2438 παρεγγυᾶν,
1216 2352 1298 2438 quod
1320 2353 1443 2441 proprie

305 2468 439 2554 pertinet
461 2466 499 2533 ed
522 2489 585 2532 rem
603 2467 764 2531 militarem
783 2471 839 2543 (=
850 2464 1105 2554 παραγγέλλειι;
1120 2467 1191 2534 vido
1214 2467 1384 2533 Moeridem
1408 2470 1443 2533 in

305 2585 393 2670 voce)
427 2584 500 2649 olibi
536 2583 584 2648 vel
605 2584 757 2668 imperare
779 2581 829 2648 rel
850 2584 970 2647 hortari
993 2581 1040 2646 vel
1065 2583 1197 2668 denique
1221 2587 1445 2665 sommendare,

306 2703 488 2765 committere
522 2700 699 2786 significare
732 2698 827 2764 solet:
859 2698 918 2763 hoo
935 2698 1037 2784 unioo
1057 2696 1129 2762 douo
1150 2699 1350 2786 significandi
1380 2702 1443 2765 vim

306 2816 397 2881 hebet
419 2839 436 2881 e
459 2815 668 2902 superioribus
691 2813 785 2915 lopge
807 2815 960 2880 diversam
980 2813 1047 2880 soil.
1065 2817 1277 2899 promtteodi.
1298 2817 1444 2903 Suspicio

306 2933 379 2996 inde
401 2938 539 3020 augetur,
559 2931 642 3016 quod
662 2953 699 2994 vs
723 2931 766 2994 94
782 2930 870 2996 nulio
892 2952 970 3016 opus
990 2935 1038 2995 eet
1055 2929 1147 2996 verbo
1167 2931 1273 3008 finito,
1289 2931 1443 3016 siquidem

305 3050 488 3133 infinitivus
510 3042 597 3134 ἥξειν
618 3048 733 3134 optime
756 3069 922 3134 suspensus
938 3071 1014 3112 ¹esse
1047 3053 1153 3134 potest
1184 3069 1204 3111 e
1237 3047 1328 3111 verbo
1352 3040 1445 3124 ἔλεξε

306 3191 353 3233 ve.
372 3171 432 3245 88,
453 3164 535 3229 uude
559 3185 602 3228 vs.
631 3164 673 3227 91
698 3162 811 3249 pendet
822 3164 884 3228 Inf.
903 3155 1053 3248 κάμψειν.
1073 3163 1162 3236 Quae
1180 3184 1277 3248 quum
1299 3163 1348 3226 ite
1369 3161 1444 3240 sint,

307 3304 368 3348 non
393 3280 472 3346 mele
495 3279 664 3345 oonieoerie
685 3278 870 3366 Sophoolem
893 3278 967 3343 otim
990 3278 1167 3364 soripeisse:

315 3388 316 3391 ¹
513 3396 632 3481 σημεῖα
654 3385 683 3460 d‘
701 3388 789 3481 ἥξειν
807 3390 908 3458 roivde'
929 3416 987 3474 μοι
1009 3390 1220 3481 φερέγγυα.

512 3499 533 3594 ἢ
553 3497 705 3588 σεισμόν,
727 3499 748 3595 ἢ
769 3496 906 3594 βροντήν
925 3498 991 3584 τιν’,
1014 3497 1036 3590 ἢ
1057 3497 1137 3578 Διὸς
1156 3502 1264 3578 σέλας.

351 3620 491 3686 Tertium
523 3625 756 3707 argumentum,
783 3643 847 3706 quo
875 3626 910 3684 et
932 3619 1061 3706 uulgato
1080 3619 1279 3705 impugnetur
1298 3617 1391 3682 leotio
1412 3624 1444 3684 et

306 3737 381 3802 haee
401 3759 469 3801 mea
492 3736 671 3802 coniectura
691 3737 937 3814 commendetur,
960 3736 1019 3800 hoo
1040 3741 1103 3812 est,
1115 3734 1197 3820 quod
1214 3734 1339 3799 verbum
1356 3755 1445 3820 παρ-

308 3852 422 3938 εγγυᾶν
442 3852 531 3941 epnd·
544 3853 643 3921 eodum
662 3852 842 3943 Euripidem
862 3853 971 3931 semet,
987 3858 1139 3938 quantum
1150 3852 1218 3919 seio
1230 3849 1353 3940 (suppl.
1367 3852 1444 3924 202,

307 3969 401 4053 idque
412 3969 534 4055 propria
546 3968 745 4056 significandi
759 3970 923 4056 potestate)
935 3967 1107 4034 adhibitum
1121 3991 1187 4033 esse
1198 3968 1336 4035 invenies
1346 3963 1443 4042 ,dum

307 4079 488 4170 φερέγγυος
504 4085 712 4170 (vocabulum
727 4087 850 4173 proprie
881 4087 1037 4172 Ionicum)
1069 4086 1150 4171 apud
1178 4085 1314 4171 tragicos
1337 4089 1444 4167 poetas

307 4199 349 4264 sit
381 4220 439 4264 usu
468 4202 675 4269 tritissimum.
708 4205 832 4287 Σημεῖα
851 4208 952 4267 autem
988 4196 1155 4290 φερέγγυα
1176 4200 1256 4265 idem
1282 4197 1379 4277 valet,
1406 4219 1444 4262 uo

308 4316 335 4380 ei
375 4317 409 4381 in
445 4320 585 4385 oratione
619 4319 753 4407 pedestri
790 4318 876 4384 dioae
909 4319 1027 4404 σημεῖα
1058 4307 1161 4382 πισταὶ
1194 4341 1217 4382 s.
1253 4306 1389 4401 ἀσφαλῆ
1420 4338 1444 4379 s.

308 4421 473 4521 ἀξιόχρεα.
