3024 5264
738 429 780 493 10

517 806 519 813 ,
609 708 814 777 orror
856 711 914 778 IL

293 940 551 988 Announ'nonns
574 941 620 988 AD
643 942 794 997 Anauon
816 941 997 991 sosnocus
1019 943 1237 992 surannae.

237 1296 366 1364 Gruvem
385 1297 484 1364 labem
505 1320 613 1386 pessus
636 1303 683 1363 est
705 1297 810 1375 loeus,
832 1320 922 1386 quem
943 1321 981 1364 ex
1005 1298 1098 1363 Uliae
1110 1299 1246 1385 furente
1264 1321 1328 1367 ser·

192 1415 278 1481 verit
293 1415 400 1483 Sahal.
423 1415 514 1483 Pind.
538 1412 649 1481 Isthm.
672 1414 732 1495 VI,
753 1418 795 1481 87
822 1417 867 1481 sie
887 1414 1045 1481 seribensa
1068 1404 1221 1499 σάντομοι
1241 1405 1271 1481 δ’
1289 1406 1329 1482 ου’

190 1525 287 1615 μόνον
307 1521 476 1615 Λάκωνες,
500 1522 583 1596 άλλά
601 1528 656 1596 καὶ
677 1520 830 1618 Ἀργεῖοι·
860 1528 1032 1619 Σοφοκλῆς
1053 1520 1229 1601 Ὀδυοσεῖ
1252 1552 1328 1613 μαι-

190 1639 312 1727 νομένῳ

397 1742 492 1820 πάντ’
511 1744 629 1836 οἶσθα,
649 1744 745 1821 στάντ’
764 1748 859 1834 &lege
877 1744 1121 1837 τάντεσαλμένα,

395 1866 507 1949 μῦθος
525 1858 588 1954 γάρ
608 1857 791 1956 Ἀργολιστὶ
811 1864 993 1950 συντέμνειν
1011 1857 1171 1955 βραχύς.

237 1982 338 2048 Nemo
361 1981 512 2061 monitus,
546 1981 651 2057 eredo,
685 2004 747 2046 non
781 1981 868 2048 videt
891 1980 1077 2047 adieetivum
1101 1972 1227 2072 βραχύς
1256 2004 1329 2047 esse

190 2102 281 2185 turpe
302 2098 607 2184 interpretamentum
631 2101 663 2162 et
696 2101 890 2183 quantocyus
919 2096 1141 2184 expellendum.
1174 2097 1327 2185 Argivum

190 2214 295 2280 neseio
318 2236 407 2301 quern
432 2212 549 2278 dixisse
571 2212 720 2279 arbitror:

394 2326 508 2412 μῦθος
527 2319 591 2416 γάρ
614 2317 776 2416 >apponet
797 2324 980 2410 συντέμνειν
1001 2319 1093 2414 έφο·

189 2440 210 2506 i.
234 2461 262 2506 e.
295 2462 367 2506 κονι
395 2443 497 2508 oratio
528 2442 656 2527 Argivis
686 2442 786 2507 breuis
809 2464 875 2507 ease
901 2442 1036 2519 asaelem
1061 2439 1128 2524 vel,
1150 2441 1234 2526 quod
1261 2443 1326 2510 nsi-

189 2557 288 2623 tatius
310 2561 374 2625 este

273 2661 405 2755 μύθους
425 2681 459 2756 (s.
479 2670 600 2755 μῦθον)
620 2663 684 2763 γάρ
704 2662 867 2763 Ἀργολιςὶ
888 2671 1071 2766 συντέμνειν
1093 2670 1204 2764 ἔφυν.

230 3019 441 3108 Interpolator
475 3040 598 3087 versum
633 3018 672 3085 de
705 3041 762 3086 suo
792 3020 1018 3106 interposuisse
1048 3020 1172 3086 videtur
1203 3020 1324 3108 insigni

184 3138 357 3224 fragmento
370 3135 651 3222 &primumquod
675 3140 778 3201 exstat
800 3136 882 3224 apud
905 3135 1071 3202 stobaeum
1095 3135 1239 3203 CXXIV
1259 3141 1323 3203 17:

393 3240 477 3314 Ἀλλ’
497 3245 529 3314 εἰ
548 3246 607 3333 μὲν
628 3237 665 3338 ἢν
685 3241 838 3316 κλάουσιν
859 3247 979 3316 ἰᾶσθαι
997 3243 1098 3333 κακά,

393 3358 448 3426 καὶ
468 3351 523 3426 τόν
544 3349 688 3426 θανόντα
709 3353 862 3449 δακρύοις
883 3351 1047 3444 άνιςάναι,

393 3463 412 3539 ὁ
434 3463 557 3562 χροσὸς
577 3462 678 3561 ἧσσον
696 3474 800 3562 κτῆμα
821 3476 879 3540 τοῦ
897 3463 1006 3541 κλάειν
1026 3465 1065 3540 tv
1086 3462 1137 3563 ἦν·

391 3584 447 3651 νῦν
466 3572 524 3651 o’el
544 3582 655 3674 γεραιέ
674 3577 764 3652 ταῦτ’
783 3577 943 3674 άνηιάτως
964 3581 1041 3671 ἔχει.

230 3691 280 3783 [τά
300 3695 359 3782 μέν
376 3702 415 3774 (ι.
435 3689 491 3763 τόν
513 3694 584 3781 μέν)
605 3688 704 3787 τάφῳ
720 3696 913 3787 κρυφθέντα
930 3692 1017 3787 στοάς
1031 3694 1071 3766 τά
1087 3698 1164 3788 φῶς
1178 3689 1278 3788 άγειν]

186 3813 318 3879 Versum
349 3812 525 3888 inficetum,
562 3832 651 3897 quem
683 3813 811 3879 uneinis
839 3813 941 3901 sepsi,
971 3813 1087 3879 frustra
1121 3821 1323 3881 correxerunt

185 3928 349 3996 viridooti
372 3926 536 3993 scribendo
557 3917 614 3995 τόν
636 3923 668 3992 έν
688 3918 786 4015 τάφῳ
809 3925 874 4010 nsi,
897 3950 959 3993 non
984 3927 1197 4016 intelligentes
1219 3935 1321 3996 totum

182 4067 304 4111 versum
345 4042 426 4108 nihil
460 4042 545 4109 aliud
578 4065 645 4108 esse
687 4043 749 4107 nisi
781 4043 1091 4130 interpretamentum
1128 4047 1322 4133 pronominis

183 4152 273 4226 ταῦτ’
294 4160 327 4230 in
345 4180 389 4226 vs.
404 4159 616 4247 praecedenti;
631 4180 694 4244 qno
705 4165 808 4223 tamen
826 4159 952 4225 minime
967 4159 1154 4248 indigemus,
1169 4161 1321 4246 siqnidem

181 4273 284 4340 ταῦτα
316 4276 447 4341 refertur
480 4274 518 4340 ad
553 4297 588 4341 vs
623 4279 641 4339 l
674 4283 705 4338 et
736 4279 765 4338 2.
797 4274 960 4341 Oonfiotus
984 4281 1045 4356 est,
1067 4275 1128 4341 nisi
1151 4275 1259 4354 fallor,
1282 4301 1321 4343 ex

184 4396 270 4482 parte
292 4389 330 4455 ad
353 4390 525 4479 exemplum
549 4412 593 4455 vs.
618 4392 648 4455 7.
671 4391 851 4475 Sequuntur
874 4391 956 4456 enim
982 4389 1073 4456 haee:
