3024 5264
738 459 778 517 55

228 629 389 694 Praeterea
411 631 473 694 fera
495 626 616 692 malim:
639 616 707 712 σὴν
726 622 843 710 γυναῖκ’
865 617 944 694 εἶναι
964 625 1051 696 δόνει
1071 628 1133 695 aad.

228 745 413 811 Oonferatur
434 743 546 809 Troad.
570 764 614 807 vs.
640 744 707 805 642
733 760 816 824 sqq„
831 739 884 806 uhi
901 742 1116 810 Andromache
1138 746 1196 810 ait:

339 852 559 945 πρῶτονμὲν,
582 849 665 920 ἔνθα
683 842 740 917 ada
760 853 873 940 προσῇ
892 845 950 920 κᾶν
968 847 1014 944 μή
1035 858 1146 946 προσῇ

340 959 447 1056 ψόγος
465 963 618 1054 γυναιξίν,
641 954 721 1031 adad
742 953 837 1030 τοῦδ’
857 961 1027 1052 ἐφέλκεται

340 1078 445 1153 κακῶς
465 1068 609 1159 ἀκούειν,
630 1067 716 1164 ἥτις
738 1064 803 1140 οὐκ
824 1068 936 1142 ἔνδον
959 1075 1088 1161 μένει,

339 1182 456 1257 τούτου
477 1181 588 1258 πόθον
608 1175 738 1277 παρεῖν’
759 1181 919 1270 ἔμιμνον
940 1187 976 1255 ἐν
994 1179 1146 1272 δόμοις.

229 1305 282 1369 Ne
293 1305 363 1390 quis
381 1309 481 1371 autem
504 1304 648 1392 opinetur
669 1324 717 1367 me
733 1301 779 1366 ita
794 1301 944 1388 suspicari
960 1301 1073 1390 absque
1093 1304 1204 1371 idonea
1223 1328 1315 1373 causa

183 1424 218 1484 et
238 1420 369 1498 nodum,
392 1419 475 1505 quod
497 1422 604 1496 aiunt,
624 1417 812 1503 quaesivisse
835 1416 868 1481 in
896 1418 997 1506 sirpo:
1018 1418 1207 1485 enucleatius
1223 1441 1314 1504 qaam

184 1534 270 1599 soleo
291 1534 353 1598 loci
370 1533 574 1620 corruptelam
603 1531 730 1619 probare
752 1530 895 1597 conabor.
919 1534 953 1597 Si
977 1533 1118 1599 admittis
1138 1535 1241 1601 Grotii
1263 1536 1314 1600 in·

183 1649 449 1736 terpretationem‚
477 1640 517 1714 vd
536 1645 611 1738 ἑξῆς
636 1669 681 1712 vs.
703 1648 720 1712 1
745 1645 804 1712 hoc
826 1649 887 1712 est:
909 1638 1014 1734 χρεοδν
1034 1639 1090 1734 τήν
1110 1644 1231 1734 ἐσθλήν
1258 1671 1313 1732 yv-

184 1739 364 1826 ναῖκαεῗιοι
385 1755 474 1826 ἔνδον
492 1757 659 1842 μένουσαν.
678 1762 723 1826 Aa
736 1783 805 1827 cum
821 1760 981 1827 verborum
994 1760 1068 1826 ordo
1082 1765 1150 1826 tam
1160 1759 1313 1846 imprimis

184 1874 391 1939 Accusativus
413 1863 505 1949 ἀξίαν
522 1873 555 1936 in
578 1896 622 1939 vs.
645 1897 706 1960 seq.
729 1874 809 1941 hanc
826 1874 1048 1961 interpretandi
1074 1875 1223 1942 rationem
1248 1897 1311 1940 om·

183 1989 261 2054 nino
275 1987 506 2076 improbandam
521 2010 587 2054 esse
603 1988 701 2055 docet.
717 1992 768 2055 Ita
783 1990 865 2056 enim
880 2013 925 2055 vs.
941 1991 961 2054 2
977 1990 1037 2056 erit
1051 1983 1090 2056 ad
1112 1986 1186 2080 ἑξῆς
1200 1989 1312 2056 hocce:

185 2095 266 2190 (τήν)
295 2093 325 2167 δ’
355 2093 447 2182 ἆξίον
474 2100 533 2166 τοῦ
561 2094 876 2192 μηδενός-θύρασι,
906 2103 989 2190 quod
1022 2104 1112 2191 plane
1146 2104 1311 2172 absurdum

185 2237 251 2281 esse
284 2236 372 2280 nemo
402 2237 467 2299 non
493 2214 585 2281 videt.
613 2215 758 2282 Admissa
780 2217 879 2305 igitur
913 2219 1016 2284 Grotii
1051 2220 1190 2284 versione
1223 2243 1266 2286 vs.
1292 2224 1310 2288 1

186 2335 403 2408 necessest,
439 2335 492 2395 aut
521 2353 577 2416 pro
610 2326 702 2409 ἀξίαν
726 2353 908 2419 reponamus
928 2322 1005 2413 οἶξίο
1037 2334 1120 2422 (scil.
1145 2327 1225 2424 ἐςὶ),
1258 2341 1312 2402 aut

186 2467 304 2511 versum
315 2451 489 2531 sequentem
513 2445 551 2510 ab
567 2447 747 2533 imperativo
763 2446 866 2533 aliquo
888 2436 1001 2532 νόμιζε
1022 2450 1072 2515 vel
1093 2437 1182 2515 δόκει
1208 2474 1310 2517 orsum

185 2580 250 2624 ease
272 2561 477 2647 suspicemur;
510 2582 570 2646 qua
592 2582 625 2627 re
653 2561 748 2648 probe
769 2562 950 2643 intellecta,
972 2565 1102 2634 Grotius
1132 2589 1170 2632 ex
1185 2567 1311 2656 ingenio

186 2674 296 2740 intulit
314 2698 358 2740 vs.
382 2678 402 2740 2
426 2699 513 2740 suum
540 2685 631 2760 pata.

230 2791 346 2855 Contra
357 2795 387 2855 et
400 2790 559 2858 verborum
572 2790 647 2857 ordo
659 2797 690 2858 et
701 2794 910 2879 grammatica,
933 2795 967 2859 ni
979 2795 1082 2872 fallor,
1101 2818 1158 2861 nos
1177 2801 1311 2884 cogunt,

186 2909 222 2970 ut
253 2904 386 2993 logicam
419 2907 570 2971 orationis
605 2909 868 2975 constructionem
902 2909 1019 2977 hancce
1054 2932 1119 2977 esse
1150 2915 1311 2996 putemus:

185 3011 309 3106 χρειδν
326 3011 383 3107 τῆν
403 3014 521 3105 γυναῖκ’
540 3015 631 3087 ε”νδον
648 3018 807 3104 μένουσαν
839 3012 919 3087 εἶναι
949 3014 1086 3111 ἐσθλήν,
1120 3014 1245 3110 θύρασι
1275 3022 1313 3090 δὲ

185 3123 277 3196 ἀξίαν
296 3130 356 3197 τοῦ
376 3122 522 3219 μηδενός.
548 3133 635 3206 Quae
666 3156 762 3220 qaum
790 3135 835 3200 ita
866 3135 947 3214 siut,
977 3127 1082 3222 χρεών
1112 3157 1220 3203 sanum
1246 3160 1312 3204 esse

184 3244 308 3329 nequit,
328 3246 476 3332 siquidem
498 3250 553 3313 hoc
576 3251 721 3314 vocabalo
750 3248 860 3316 Graeci
881 3249 1311 3319 διιοοιιοίιιδνοδοοονιιιδννι-

186 3366 244 3422 διον.
267 3360 378 3425 Sensui
405 3383 496 3441 vero,
529 3371 565 3428 ut
588 3363 626 3430 ab
649 3366 742 3430 initio
767 3365 846 3440 dixi,
870 3365 986 3452 optime
1008 3367 1169 3432 conveniet
1191 3356 1290 3435 δόκει.

229 3701 313 3770 stol.
336 3707 478 3786 LXXV,
501 3713 531 3772 3.
554 3701 632 3796 Erip.
656 3706 792 3786 Οἰνέως·

339 3828 381 3887 Α.
404 3812 489 3895 -ὠς
511 3817 600 3886 οὐδὲν
623 3812 714 3908 ἀνδρὶ
734 3815 831 3902 πιςόν
851 3813 930 3889 ἄλλο
951 3817 1034 3911 πλήν
1054 3821 1178 3892 τέκνοιν.

336 3938 374 3997 Β.
396 3930 533 4018 κέρδους
553 3931 583 3998 δ’
603 3931 691 3998 ἓκοπι
709 3931 763 3998 καὶ
782 3928 821 4001 ιδ
842 3933 990 4020 συγγενὲς
1010 3939 1108 4000 νοσεῖ.

229 4043 315 4108 Haec
331 4045 438 4124 verba,
460 4067 537 4130 quae
559 4045 654 4133 vulgo
671 4048 852 4112 continuata
867 4047 1027 4135 leguntur,
1050 4047 1180 4117 fortasse
1202 4048 1312 4118 melius

183 4156 265 4222 inter
292 4158 367 4224 duas
396 4182 541 4246 personas
573 4161 760 4229 dividentur.
790 4164 898 4228 Sumta
921 4164 1001 4229 enim
1025 4187 1089 4230 esse
1113 4165 1252 4253 suspicor
1274 4188 1312 4232 ex

185 4271 308 4360 dialogo
338 4275 418 4340 inter
446 4278 583 4342 Oeneum
606 4282 637 4342 et
673 4278 871 4355 Diomedem,
902 4280 992 4344 cuius
1014 4279 1165 4366 particula
1195 4280 1312 4368 legitur

185 4388 273 4472 apud.
297 4389 399 4455 Schol.
422 4392 518 4456 Arist.
546 4394 623 4458 Rau.
649 4397 690 4458 72
712 4396 827 4480 scripta
851 4394 883 4458 in
908 4392 991 4460 hunc
1014 4395 1149 4461 modum:
