3024 5264
840 451 883 515 44

300 613 410 682 κακίαν
430 609 574 706 ἔμφυτον
595 611 689 700 εἶναι,
710 644 766 708 pro
789 619 826 688 δὲ
849 623 953 688 malim
976 614 1051 711 γάρ,
1073 625 1258 710 quapropter
1281 620 1368 700 vide,
1392 643 1430 684 an

302 730 434 795 seribere
456 737 609 817 praestet:

455 839 527 924 ὅςις
545 839 617 936 γὰρ
638 838 771 935 ὀλίγον
791 843 915 932 μισθόν
934 850 983 926 εἰς
1001 854 1113 940 χεῖρας
1133 839 1241 933 λαβών

456 951 553 1032 κακός
569 955 695 1047 γίνηται
714 959 779 1029 nei.

346 1067 445 1135 Versu
479 1071 590 1156 quinto
623 1072 782 1160 legebatur
814 1066 871 1140 τὸν
896 1075 959 1140 τῶν
990 1062 1306 1162 λέγοντων-ψόγον,
1340 1095 1434 1158 quam

301 1187 464 1253 lectionem
489 1189 607 1252 correxi
630 1195 795 1276 praeeunte
815 1189 972 1256 Jaeobaio.

345 1534 449 1599 Nimia
473 1535 622 1621 patienter
646 1535 786 1601 tulerunt
818 1534 951 1599 editores
977 1556 1099 1601 versum
1135 1537 1301 1602 manifesto
1334 1536 1434 1601 inter·

301 1650 437 1737 palatum
447 1652 481 1715 in
493 1653 665 1738 fragmento
687 1651 875 1738 Euripiden,
898 1651 963 1716 sive
985 1673 1001 1714 e
1027 1652 1269 1736 Bellerophonte
1295 1657 1434 1716 sumtum

302 1765 361 1843 ait,
384 1767 449 1831 aive
471 1787 487 1831 e
508 1767 636 1843 Danae,
661 1766 742 1853 apud
766 1765 853 1832 stab.
876 1766 958 1832 Flor.
977 1766 1073 1845 XCI,
1097 1771 1135 1832 4:

493 1866 531 1945 Ὠ
550 1878 670 1967 χρυσέ,
692 1877 836 1962 δεξίωμα
854 1869 1003 1958 κάλλιςον
1020 1882 1162 1971 βροτοῖς.

499 1983 545 2065 οἷς
565 1981 640 2056 οὔτε
661 1981 766 2080 μήτηρ
786 1984 904 2079 ἡδονὰς
922 1988 1015 2066 τοίας
1034 1985 1120 2075 ἔχει,

500 2095 539 2169 οὐ
560 2106 677 2180 παῖδες
697 2096 940 2194 ἀνθρώποισιν,
962 2093 1001 2168 οὐ
1022 2101 1122 2191 φίλος
1140 2093 1269 2191 πατήρ·

500 2213 587 2304 [οἵας
607 2209 648 2282 οὐ
668 2215 722 2300 χοὶ
743 2214 781 2282 σὲ
802 2208 944 2299 δώμασιν
962 2213 1159 2303 κεκτημένοι]

499 2324 530 2392 εἰ
549 2319 579 2393 δ’
599 2321 619 2416 ἦ
643 2319 772 2417 Κύπρις
793 2330 939 2394 τοιοῦτον
958 2317 1150 2414 ὀφθαλμοῖς
1170 2315 1249 2413 ὁρᾷ,

502 2429 544 2504 ον’
564 2431 669 2522 θαῦμ’
690 2434 816 2527 ἔρωτας
835 2437 974 2527 μυρίους
994 2428 1091 2525 αὐτήν
1109 2434 1253 2524 τρέφειν.

350 2549 479 2615 Versum
502 2552 645 2617 inutilem
670 2558 701 2618 et
728 2553 908 2629 inficetum,
942 2572 1030 2636 quem
1056 2551 1180 2616 uncinis
1200 2551 1295 2636 sepsi,
1320 2547 1436 2613 habent

304 2663 480 2730 Athenaeus
491 2664 558 2744 IV,
581 2689 611 2752 p.
635 2671 698 2732 159
713 2667 755 2745 Β,
776 2674 808 2732 et
830 2669 943 2732 Sextus
954 2667 1072 2753 Empir.
1087 2690 1116 2753 p.
1139 2670 1220 2742 663,
1243 2669 1295 2730 23.
1307 2665 1438 2730 Omittit

303 2779 453 2846 Stobaeus
462 2784 502 2858 et,
513 2782 595 2866 quod
609 2783 774 2848 maximum
798 2786 854 2861 eet,
877 2805 940 2848 non
960 2783 1089 2870 agnovit
1105 2783 1221 2847 Seneca
1240 2781 1341 2868 Epist.
1363 2784 1438 2853 115,

303 2896 349 2960 aie
371 2895 474 2961 locum
496 2902 637 2963 vertens:

473 3013 611 3097 pecnnia
631 3017 738 3098 τ’νιμτνιι
758 3015 881 3099 penaria
903 3014 1032 3078 λτοιανιί
1053 3014 1184 3091 bonam,

479 3131 532 3193 eui
552 3150 611 3193 νοτ
634 3130 780 3216 volupiae
801 3111 914 3195 matria
936 3136 993 3194 aet
1016 3129 1149 3194 btaaeae
1166 3135 1272 3213 potent

476 3266 540 3327 par
562 3267 627 3308 τιατ
644 3245 758 3327 proin,
782 3266 843 3309 νιονι
864 3266 952 3308 sacer
973 3244 1091 3308 meritis
1109 3266 1243 3329 μανατις

484 3367 547 3422 tam
569 3360 706 3424 dulceri
728 3361 806 3445 quid
833 3359 959 3424 Veneria
981 3360 1015 3423 τ’νι
1032 3360 1124 3424 velte
1146 3361 1260 3437 micat,

482 3477 587 3539 merito
610 3476 672 3539 ι’λίιι
694 3497 810 3540 amores
829 3475 967 3540 coelitum
989 3481 1081 3560 atque
1100 3475 1251 3539 λοντίνιιιννι
1272 3479 1378 3537 movet.

350 3590 509 3655 Praeterea
532 3595 614 3655 vet
640 3613 708 3656 anm
729 3591 823 3656 Sexto
841 3589 1000 3677 Empirieo
1023 3596 1054 3656 et
1076 3589 1200 3656 Stobaei
1225 3588 1292 3654 eod.
1316 3586 1439 3651 Vindo-

305 3704 434 3770 bonenai
451 3704 521 3768 dedi
541 3701 635 3779 τοίας
655 3725 710 3793 pro
731 3693 870 3785 τοιάσδ’,
892 3705 926 3770 in
946 3727 1008 3790 quo
1024 3704 1104 3771 illud
1124 3700 1195 3792 poet
1217 3702 1439 3790 interpolatum

305 3841 426 3885 versum
449 3818 560 3885 abiisse
583 3819 741 3908 probabile
763 3824 819 3885 eat.
842 3819 944 3884 Versu
972 3821 1055 3899 etio,
1076 3824 1240 3907 postquam
1265 3820 1326 3884 iam
1351 3841 1395 3883 vs.
1418 3821 1437 3881 1

305 3933 427 4000 dixerat
446 3933 598 4020 βροτοῖς,
620 3937 722 4001 minna
754 3933 910 4022 eleganter
933 3939 1023 4020 poeta
1044 3924 1267 4022 ἀνθρώποισιν
1294 3931 1440 3999 intulisse

305 4048 404 4113 videri
426 4052 545 4135 potest,
575 4071 667 4134 quare
689 4049 772 4116 hand
796 4049 862 4116 seio
884 4071 921 4114 an
947 4050 1057 4115 melina
1095 4049 1262 4136 recipiatur
1283 4047 1438 4115 Athenaei

306 4161 414 4229 lectio:
442 4157 481 4226 οὐ
498 4163 616 4238 παῖδες
633 4161 670 4230 ἐν
688 4154 886 4248 δόμοισιν,
910 4154 949 4228 οὐ
968 4161 1067 4253 φίλος
1088 4152 1207 4251 πατήρ.
