3024 5264
723 445 765 504 54

184 614 233 681 cf.
257 616 381 703 Telephi
403 617 509 702 fragm.
533 637 579 701 ep.
602 615 688 680 Stob.
712 615 832 690 XXII,
857 619 899 680 82
922 637 967 681 vs.
992 622 1028 682 l:

378 722 424 794 Σά
446 720 475 794 δ’
496 721 553 792 εἶν’
572 718 689 814 άνάγκγγ
711 725 765 792 καὶ
785 730 898 794 θεοῖσι
917 722 962 816 μή
983 725 1119 813 μάχου.

227 1075 430 1138 Invenustum
450 1071 614 1136 admodum
637 1076 667 1135 et
689 1070 839 1157 Euripide
859 1092 983 1158 prorsus
1005 1073 1169 1162 indignum
1189 1075 1308 1141 addita·

184 1193 319 1288 mentum
346 1191 470 1273 apparet
491 1187 526 1251 in
544 1187 735 1274 fragmento,
759 1185 842 1270 quod
868 1187 1074 1272 Melanippus
1100 1195 1201 1256 exstat
1228 1192 1308 1279 apud

184 1304 360 1389 scriptorem
386 1303 440 1367 vit
463 1301 568 1388 Eurip.
593 1301 773 1386 (Hermann.
798 1321 902 1386 opusc
925 1302 956 1366 V
977 1325 1006 1389 p.
1027 1307 1091 1368 202
1115 1308 1190 1394 sq.):

337 1405 439 1503 μάνην
460 1405 513 1502 άρ’
530 1411 581 1489 εἰς
599 1419 748 1499 γυναῖκας
769 1411 803 1492 ἐξ
825 1405 950 1502 ἀνδρῶν
968 1405 1077 1503 ψόγος

335 1522 456 1613 ψάλλει
473 1517 563 1591 κενόν
583 1515 726 1607 τόξευμα
746 1525 810 1591 καὶ
830 1528 952 1601 κακῶς
971 1525 1094 1612 λέγει·

336 1637 373 1703 αἱ
393 1630 423 1703 δ’
442 1630 504 1702 alo'
526 1628 677 1719 άμελνοος
697 1628 852 1725 ἀρσένων,
870 1630 938 1723 ἐγώ,
956 1636 1050 1724 λέγω.

205 1794 212 1811 .
228 1751 344 1835 Ecquis
362 1757 420 1830 cst,
433 1752 486 1836 qui
498 1749 676 1838 intelligens
688 1773 778 1836 quam
791 1751 913 1838 egregie
922 1751 1015 1818 verba
1023 1743 1313 1840 μάτην-*τόξευμα

186 1864 269 1930 dicta
291 1868 355 1931 sint
377 1888 432 1951 pro
464 1865 587 1953 uulgari
620 1868 789 1932 sententia:
813 1860 915 1952 μάνην
931 1855 985 1952 ἄρ’
1005 1857 1121 1952 ἄνδρες
1140 1863 1245 1937 κακῶς
1261 1861 1313 1928 λε’·

183 1999 277 2066 γουσι
297 1972 356 2053 τάς
374 1982 536 2066 γυναῖκας,
558 1979 761 2046 nihilominus
783 1980 918 2067 genuino
939 2002 1004 2044 esse
1026 1977 1136 2057 ducat,
1156 1999 1235 2063 quae
1257 1999 1312 2043 vo·

186 2091 293 2157 cabula
315 2092 549 2180 languidissima
571 2101 603 2160 et
624 2097 709 2160 omni
731 2096 880 2161 orationis
903 2093 1020 2160 lumine
1037 2094 1312 2178 destitutaappen-

185 2206 260 2271 dent
281 2207 393 2273 inutile
414 2209 552 2295 pondus:
573 2205 629 2274 καλ
648 2209 753 2284 κακῶς
773 2206 878 2295 λέγειΡ
893 2210 927 2273 si
942 2231 1089 2294 usquam,
1104 2207 1158 2272 hic
1173 2212 1315 2273 tenemus

187 2322 343 2388 falsarium
375 2323 515 2390 lacunam
548 2327 582 2390 in
607 2325 714 2411 codiqe
736 2345 792 2410 pro
815 2345 871 2388 suo
895 2329 987 2410 captu
1009 2330 1167 2408 utcunque
1188 2323 1316 2408 explen-

188 2443 264 2518 tem3
290 2461 418 2524 eumque
450 2441 538 2505 iuxta
571 2440 786 2528 ignarissimos
815 2438 992 2526 imperitum
1028 2439 1154 2526 linguae
1180 2438 1315 2504 Graecae

188 2555 380 2638 antiquioris.
403 2555 482 2628 Quis
509 2557 590 2620 enim
613 2577 709 2641 aequo
731 2555 834 2620 animo
856 2553 950 2620 ferat:
972 2551 1024 2618 acl
1046 2544 1149 2640 μάνην
1169 2540 1315 2639 ψόγος-

186 2667 291 2742 κακῶς
310 2665 396 2752 λέγει
417 2662 487 2744 (τάς
504 2671 690 2755 ponciaco?
721 2668 807 2743 Quid
838 2669 957 2736 dederit
978 2669 1111 2733 istorum
1143 2666 1212 2731 loco
1249 2665 1316 2750 ipse

188 2785 291 2867 poeta,
315 2782 442 2867 ignoro;
462 2783 513 2848 sed
537 2784 713 2850 istiusmodi
737 2785 957 2851 additamentis
978 2783 1105 2860 melius,
1135 2780 1239 2860 credo,
1263 2802 1315 2846 ca-

189 2895 330 2960 rebimus.

229 3242 302 3305 Non
345 3242 473 3326 expedio
512 3243 669 3327 Meleagri
701 3244 907 3331 fragmentum
944 3265 990 3330 ap.
1028 3240 1192 3307 Stobaeum
1229 3241 1311 3306 Flor.

188 3356 351 3435 LXXIV,
378 3361 433 3420 12:

386 3463 473 3535 ἔνδον
492 3470 650 3553 μένουσαν
671 3467 728 3559 τήν
748 3467 865 3558 γυναῖκ’
886 3461 966 3536 εἶναι
987 3462 1113 3558 χρεών

386 3579 523 3673 ἐσθλήν,
545 3574 672 3671 ,λάρασι
693 3576 723 3649 δ’
743 3575 836 3662 άξίαν
856 3583 917 3649 τοῦ
937 3573 1083 3670 μηδενός.

234 3697 339 3764 Vertit
361 3699 531 3786 eleganter,
554 3703 590 3763 ut
612 3696 707 3778 nolet,
727 3699 872 3764 Grotius:

367 3816 451 3879 dore
472 3815 622 3878 contineri
633 3814 778 3898 feminae
800 3813 931 3898 officium
948 3811 1062 3894 probae
1085 3814 1145 3883 cal,

359 3931 448 4014 foria
468 3935 616 4012 οογονιλοο
634 3930 757 3993 adlice
774 3929 875 4011 pretii
891 3932 986 4010 putu,

190 4066 294 4110 veram
314 4045 429 4109 frustra
451 4050 482 4110 te
505 4043 680 4130 torquebis,
703 4048 740 4109 ut
765 4041 850 4107 hunc
873 4063 994 4106 sensum
1017 4059 1034 4102 e
1059 4038 1194 4126 vulgetis
1214 4037 1319 4124 expis-

191 4162 277 4224 ceris.
301 4160 415 4225 Procul
438 4161 519 4224 enim
540 4159 635 4224 dubio
658 4160 804 4223 vitiosum
826 4163 875 4222 est
893 4145 1003 4239 χροιάν,
1018 4154 1101 4240 quod
1124 4176 1141 4218 a
1164 4151 1318 4219 Graeculo

192 4278 360 4366 proiectum
384 4297 450 4341 esse
469 4274 544 4340 mihi
568 4275 743 4361 persuadeo.
767 4273 942 4338 Sententiae
964 4271 1168 4336 satisfaceret:

346 4383 434 4453 ἔνδον
456 4386 614 4469 μένουσαν
634 4380 691 4474 τήν
712 4378 829 4472 γυναῖκ’
851 4377 931 4451 εἶναι
953 4373 1058 4449 δόκει
1080 4381 1142 4446 uri.
