<?xml version="1.0" encoding="UTF-8"?>
<!DOCTYPE html PUBLIC "-//W3C//DTD XHTML 1.0 Transitional//EN"
    "http://www.w3.org/TR/xhtml1/DTD/xhtml1-transitional.dtd">
<html xmlns="http://www.w3.org/1999/xhtml" xml:lang="en" lang="en">
 <head>
  <title>
</title>
<meta http-equiv="Content-Type" content="text/html;charset=utf-8" />
  <meta name='ocr-system' content='tesseract 3.04.00' />
  <meta name='ocr-capabilities' content='ocr_page ocr_carea ocr_par ocr_line ocrx_word'/>
</head>
<body>
  <div class='ocr_page' id='page_1' title='image "./exercitationesc00herwgoog_0102.png"; bbox 0 0 3024 5264; ppageno 0'>
   <div class='ocr_carea' id='block_1_1' title="bbox 844 468 887 526">
    <p class='ocr_par' dir='ltr' id='par_1_1' title="bbox 844 468 887 526">
     <span class='ocr_line' id='line_1_1' title="bbox 844 468 887 526; baseline 0.047 -2"><span class='ocrx_word' id='word_1_1' title='bbox 844 468 887 526; x_wconf 73' lang='lat'>84</span> 
     </span>
    </p>
   </div>
   <div class='ocr_carea' id='block_1_2' title="bbox 293 625 1433 2095">
    <p class='ocr_par' dir='ltr' id='par_1_2' title="bbox 299 625 1433 1077">
     <span class='ocr_line' id='line_1_2' title="bbox 346 625 1433 734; baseline 0.021 -43"><span class='ocrx_word' id='word_1_2' title='bbox 346 633 365 691; x_wconf 85' lang='grc' dir='ltr'><strong><em>ι</em></strong></span> <span class='ocrx_word' id='word_1_3' title='bbox 406 628 455 694; x_wconf 77' lang='lat' dir='ltr'>u.</span> <span class='ocrx_word' id='word_1_4' title='bbox 488 630 641 697; x_wconf 83' lang='lat' dir='ltr'>xxvur</span> <span class='ocrx_word' id='word_1_5' title='bbox 674 633 767 710; x_wconf 74' lang='grc' dir='ltr'><strong><em>εἰιις</em></strong></span> <span class='ocrx_word' id='word_1_6' title='bbox 796 632 858 724; x_wconf 67' lang='grc' dir='ltr'>γὰρ</span> <span class='ocrx_word' id='word_1_7' title='bbox 890 637 983 704; x_wconf 65' lang='grc' dir='ltr'><strong><em>ποια</em></strong></span> <span class='ocrx_word' id='word_1_8' title='bbox 1012 641 1070 730; x_wconf 65' lang='grc' dir='ltr'>τῆς</span> <span class='ocrx_word' id='word_1_9' title='bbox 1101 634 1260 731; x_wconf 55' lang='lat' dir='ltr'>euectae</span> <span class='ocrx_word' id='word_1_10' title='bbox 1291 625 1433 734; x_wconf 64' lang='grc' dir='ltr'><strong><em>φυσεις.</em></strong></span> 
     </span>
     <span class='ocr_line' id='line_1_3' title="bbox 300 742 1431 847; baseline 0.015 -39"><span class='ocrx_word' id='word_1_11' title='bbox 300 742 427 808; x_wconf 78' lang='lat' dir='ltr'>Frustra</span> <span class='ocrx_word' id='word_1_12' title='bbox 440 745 553 832; x_wconf 84' lang='lat' dir='ltr'>Wugo.</span> <span class='ocrx_word' id='word_1_13' title='bbox 565 749 695 834; x_wconf 77' lang='lat' dir='ltr'>corrigit</span> <span class='ocrx_word' id='word_1_14' title='bbox 716 749 811 816; x_wconf 79' lang='grc' dir='ltr'><strong><em>πέλει</em></strong></span> <span class='ocrx_word' id='word_1_15' title='bbox 830 743 913 840; x_wconf 71' lang='grc' dir='ltr'><strong><em>γάρ,</em></strong></span> <span class='ocrx_word' id='word_1_16' title='bbox 931 776 1000 818; x_wconf 89' lang='lat' dir='ltr'>uum</span> <span class='ocrx_word' id='word_1_17' title='bbox 1018 777 1122 821; x_wconf 86' lang='lat' dir='ltr'>versus</span> <span class='ocrx_word' id='word_1_18' title='bbox 1145 766 1192 823; x_wconf 88' lang='lat' dir='ltr'>est</span> <span class='ocrx_word' id='word_1_19' title='bbox 1203 760 1311 847; x_wconf 88' lang='lat' dir='ltr'>procul</span> <span class='ocrx_word' id='word_1_20' title='bbox 1334 760 1431 825; x_wconf 90' lang='lat' dir='ltr'>dubio</span> 
     </span>
     <span class='ocr_line' id='line_1_4' title="bbox 299 857 1428 962; baseline 0.018 -41"><span class='ocrx_word' id='word_1_21' title='bbox 299 857 457 944; x_wconf 84' lang='lat' dir='ltr'>politicus.</span> <span class='ocrx_word' id='word_1_22' title='bbox 477 862 527 925; x_wconf 86' lang='lat' dir='ltr'>Ad</span> <span class='ocrx_word' id='word_1_23' title='bbox 543 861 623 926; x_wconf 90' lang='lat' dir='ltr'>idem</span> <span class='ocrx_word' id='word_1_24' title='bbox 645 885 743 948; x_wconf 81' lang='lat' dir='ltr'>genus</span> <span class='ocrx_word' id='word_1_25' title='bbox 762 868 859 932; x_wconf 86' lang='lat' dir='ltr'>refero</span> <span class='ocrx_word' id='word_1_26' title='bbox 876 890 994 933; x_wconf 86' lang='lat' dir='ltr'>versum</span> <span class='ocrx_word' id='word_1_27' title='bbox 1007 892 1053 956; x_wconf 80' lang='lat' dir='ltr'>up.</span> <span class='ocrx_word' id='word_1_28' title='bbox 1070 871 1168 937; x_wconf 87' lang='lat' dir='ltr'>Mich.</span> <span class='ocrx_word' id='word_1_29' title='bbox 1191 878 1316 962; x_wconf 83' lang='lat' dir='ltr'>Apost,</span> <span class='ocrx_word' id='word_1_30' title='bbox 1339 898 1428 961; x_wconf 85' lang='lat' dir='ltr'>quern</span> 
     </span>
     <span class='ocr_line' id='line_1_5' title="bbox 299 973 1360 1077; baseline 0.018 -40"><span class='ocrx_word' id='word_1_31' title='bbox 299 979 445 1038; x_wconf 83' lang='lat' dir='ltr'>memorat</span> <span class='ocrx_word' id='word_1_32' title='bbox 468 975 517 1038; x_wconf 92' lang='lat' dir='ltr'>W.</span> <span class='ocrx_word' id='word_1_33' title='bbox 542 976 600 1041; x_wconf 87' lang='lat' dir='ltr'>sub</span> <span class='ocrx_word' id='word_1_34' title='bbox 615 977 720 1043; x_wconf 87' lang='lat' dir='ltr'>XXV:</span> <span class='ocrx_word' id='word_1_35' title='bbox 744 974 891 1064; x_wconf 80' lang='grc' dir='ltr'><strong><em>γυναικός</em></strong></span> <span class='ocrx_word' id='word_1_36' title='bbox 911 974 994 1069; x_wconf 68' lang='lat' dir='ltr'>cribri</span> <span class='ocrx_word' id='word_1_37' title='bbox 1015 973 1159 1061; x_wconf 74' lang='grc' dir='ltr'><strong><em>θάνατος</em></strong></span> <span class='ocrx_word' id='word_1_38' title='bbox 1179 986 1360 1077; x_wconf 78' lang='grc' dir='ltr'><strong><em>νεωτέροις.</em></strong></span> 
     </span>
    </p>

    <p class='ocr_par' dir='ltr' id='par_1_3' title="bbox 293 1082 1429 1522">
     <span class='ocr_line' id='line_1_6' title="bbox 344 1082 1429 1187; baseline 0.014 -33"><span class='ocrx_word' id='word_1_39' title='bbox 344 1094 363 1154; x_wconf 82' lang='grc'><strong>3</strong></span> <span class='ocrx_word' id='word_1_40' title='bbox 390 1090 441 1154; x_wconf 80' lang='lat' dir='ltr'>Fr.</span> <span class='ocrx_word' id='word_1_41' title='bbox 475 1090 625 1156; x_wconf 89' lang='lat' dir='ltr'>XXXIV</span> <span class='ocrx_word' id='word_1_42' title='bbox 655 1084 775 1166; x_wconf 76' lang='grc' dir='ltr'><strong><em>Ἰκανιιῖς</em></strong></span> <span class='ocrx_word' id='word_1_43' title='bbox 804 1082 938 1173; x_wconf 75' lang='grc' dir='ltr'><strong><em>βιώσεις</em></strong></span> <span class='ocrx_word' id='word_1_44' title='bbox 969 1096 1179 1182; x_wconf 68' lang='grc' dir='ltr'><strong><em>γηροβοσκεῖν</em></strong></span> <span class='ocrx_word' id='word_1_45' title='bbox 1208 1091 1284 1174; x_wconf 78' lang='grc' dir='ltr'>τούς</span> <span class='ocrx_word' id='word_1_46' title='bbox 1315 1108 1429 1187; x_wconf 82' lang='grc' dir='ltr'><strong><em>γονεῖς.</em></strong></span> 
     </span>
     <span class='ocr_line' id='line_1_7' title="bbox 297 1205 1429 1297; baseline 0.011 -29"><span class='ocrx_word' id='word_1_47' title='bbox 297 1205 393 1269; x_wconf 85' lang='lat' dir='ltr'>Hunc</span> <span class='ocrx_word' id='word_1_48' title='bbox 433 1211 533 1270; x_wconf 84' lang='lat' dir='ltr'>tumen</span> <span class='ocrx_word' id='word_1_49' title='bbox 570 1230 689 1272; x_wconf 83' lang='lat' dir='ltr'>versum</span> <span class='ocrx_word' id='word_1_50' title='bbox 722 1207 900 1270; x_wconf 71' lang='lat' dir='ltr'><em>dubitanter</em></span> <span class='ocrx_word' id='word_1_51' title='bbox 932 1209 1065 1294; x_wconf 86' lang='lat' dir='ltr'>recepit,</span> <span class='ocrx_word' id='word_1_52' title='bbox 1100 1212 1214 1297; x_wconf 88' lang='lat' dir='ltr'>quippe</span> <span class='ocrx_word' id='word_1_53' title='bbox 1236 1214 1289 1296; x_wconf 89' lang='lat' dir='ltr'>qui</span> <span class='ocrx_word' id='word_1_54' title='bbox 1317 1219 1429 1281; x_wconf 87' lang='lat' dir='ltr'>caooui</span> 
     </span>
     <span class='ocr_line' id='line_1_8' title="bbox 295 1321 1428 1401; baseline 0.011 -18"><span class='ocrx_word' id='word_1_55' title='bbox 295 1321 486 1384; x_wconf 84' lang='lat' dir='ltr'>Porsouiuuo</span> <span class='ocrx_word' id='word_1_56' title='bbox 521 1322 706 1387; x_wconf 80' lang='lat' dir='ltr'>adversetur.</span> <span class='ocrx_word' id='word_1_57' title='bbox 749 1321 964 1387; x_wconf 79' lang='lat' dir='ltr'>Dubitandum</span> <span class='ocrx_word' id='word_1_58' title='bbox 1001 1346 1062 1386; x_wconf 87' lang='lat' dir='ltr'>nou</span> <span class='ocrx_word' id='word_1_59' title='bbox 1103 1332 1182 1401; x_wconf 84' lang='lat' dir='ltr'>erat;</span> <span class='ocrx_word' id='word_1_60' title='bbox 1224 1349 1293 1391; x_wconf 83' lang='lat' dir='ltr'>uam</span> <span class='ocrx_word' id='word_1_61' title='bbox 1335 1332 1428 1396; x_wconf 84' lang='lat' dir='ltr'>etium</span> 
     </span>
     <span class='ocr_line' id='line_1_9' title="bbox 293 1425 1188 1522; baseline 0.004 -23"><span class='ocrx_word' id='word_1_62' title='bbox 293 1425 428 1516; x_wconf 76' lang='grc' dir='ltr'><strong><em>βιώσεις</em></strong></span> <span class='ocrx_word' id='word_1_63' title='bbox 449 1458 503 1522; x_wconf 91' lang='lat' dir='ltr'>pro</span> <span class='ocrx_word' id='word_1_64' title='bbox 530 1429 647 1518; x_wconf 83' lang='grc' dir='ltr'><strong><em>βιιδσει</em></strong></span> <span class='ocrx_word' id='word_1_65' title='bbox 668 1437 802 1502; x_wconf 85' lang='lat' dir='ltr'>recentis</span> <span class='ocrx_word' id='word_1_66' title='bbox 825 1439 935 1502; x_wconf 81' lang='lat' dir='ltr'>aetatis</span> <span class='ocrx_word' id='word_1_67' title='bbox 958 1444 1004 1503; x_wconf 88' lang='lat' dir='ltr'>est</span> <span class='ocrx_word' id='word_1_68' title='bbox 1027 1439 1188 1505; x_wconf 89' lang='lat' dir='ltr'>iudicium.</span> 
     </span>
    </p>

    <p class='ocr_par' dir='ltr' id='par_1_4' title="bbox 294 1543 1428 1754">
     <span class='ocr_line' id='line_1_10' title="bbox 339 1543 1428 1640; baseline 0.011 -28"><span class='ocrx_word' id='word_1_69' title='bbox 339 1558 360 1612; x_wconf 82' lang='lat'>4</span> <span class='ocrx_word' id='word_1_70' title='bbox 384 1550 434 1614; x_wconf 80' lang='lat' dir='ltr'>Fr.</span> <span class='ocrx_word' id='word_1_71' title='bbox 460 1551 571 1616; x_wconf 78' lang='lat' dir='ltr'>XLIV</span> <span class='ocrx_word' id='word_1_72' title='bbox 598 1543 699 1639; x_wconf 80' lang='grc' dir='ltr'><strong><em>φύσει</em></strong></span> <span class='ocrx_word' id='word_1_73' title='bbox 720 1546 782 1640; x_wconf 76' lang='grc' dir='ltr'>γὰρ</span> <span class='ocrx_word' id='word_1_74' title='bbox 811 1546 931 1639; x_wconf 72' lang='grc' dir='ltr'><strong><em>ἐχθρόν</em></strong></span> <span class='ocrx_word' id='word_1_75' title='bbox 952 1544 991 1617; x_wconf 78' lang='lat' dir='ltr'>cri</span> <span class='ocrx_word' id='word_1_76' title='bbox 1014 1552 1129 1618; x_wconf 78' lang='grc' dir='ltr'><strong><em>δοῦλον</em></strong></span> <span class='ocrx_word' id='word_1_77' title='bbox 1150 1557 1221 1628; x_wconf 74' lang='grc' dir='ltr'><strong><em>τοῖς</em></strong></span> <span class='ocrx_word' id='word_1_78' title='bbox 1240 1547 1428 1632; x_wconf 79' lang='grc' dir='ltr'><strong><em>δεσπόταις.</em></strong></span> 
     </span>
     <span class='ocr_line' id='line_1_11' title="bbox 294 1665 1205 1754; baseline 0.001 -25"><span class='ocrx_word' id='word_1_79' title='bbox 294 1666 421 1730; x_wconf 80' lang='lat' dir='ltr'>Frustra</span> <span class='ocrx_word' id='word_1_80' title='bbox 450 1671 579 1730; x_wconf 88' lang='lat' dir='ltr'>metrum</span> <span class='ocrx_word' id='word_1_81' title='bbox 604 1668 791 1754; x_wconf 81' lang='lat' dir='ltr'>corrigitur,</span> <span class='ocrx_word' id='word_1_82' title='bbox 814 1686 885 1727; x_wconf 83' lang='lat' dir='ltr'>nam</span> <span class='ocrx_word' id='word_1_83' title='bbox 907 1670 954 1730; x_wconf 89' lang='lat' dir='ltr'>est</span> <span class='ocrx_word' id='word_1_84' title='bbox 977 1687 1021 1729; x_wconf 84' lang='lat' dir='ltr'>vs.</span> <span class='ocrx_word' id='word_1_85' title='bbox 1048 1665 1205 1752; x_wconf 85' lang='lat' dir='ltr'>politicus.</span> 
     </span>
    </p>

    <p class='ocr_par' dir='ltr' id='par_1_5' title="bbox 340 1775 1427 1871">
     <span class='ocr_line' id='line_1_12' title="bbox 340 1775 1427 1871; baseline 0.004 -25"><span class='ocrx_word' id='word_1_86' title='bbox 340 1789 358 1846; x_wconf 89' lang='lat'>5</span> <span class='ocrx_word' id='word_1_87' title='bbox 373 1779 473 1846; x_wconf 84' lang='lat' dir='ltr'>XLV.</span> <span class='ocrx_word' id='word_1_88' title='bbox 485 1782 608 1869; x_wconf 80' lang='grc' dir='ltr'><strong><em>χρυσοῦ</em></strong></span> <span class='ocrx_word' id='word_1_89' title='bbox 626 1779 839 1852; x_wconf 80' lang='grc' dir='ltr'><strong><em>λαλοῦντος</em></strong></span> <span class='ocrx_word' id='word_1_90' title='bbox 855 1777 923 1852; x_wconf 82' lang='grc' dir='ltr'>πᾶς</span> <span class='ocrx_word' id='word_1_91' title='bbox 939 1775 1144 1868; x_wconf 78' lang='grc' dir='ltr'><strong><em>ἀπρακτείτω</em></strong></span> <span class='ocrx_word' id='word_1_92' title='bbox 1156 1780 1193 1864; x_wconf 91' lang='lat' dir='ltr'>(l.</span> <span class='ocrx_word' id='word_1_93' title='bbox 1205 1786 1309 1871; x_wconf 82' lang='grc' dir='ltr'><strong><em>-ται)</em></strong></span> <span class='ocrx_word' id='word_1_94' title='bbox 1321 1775 1427 1871; x_wconf 84' lang='grc' dir='ltr'><strong><em>λόγος,</em></strong></span> 
     </span>
    </p>

    <p class='ocr_par' dir='ltr' id='par_1_6' title="bbox 480 1884 1198 1980">
     <span class='ocr_line' id='line_1_13' title="bbox 480 1884 1198 1980; baseline 0.003 -22"><span class='ocrx_word' id='word_1_95' title='bbox 480 1892 606 1958; x_wconf 79' lang='grc' dir='ltr'><strong><em>πείθειν</em></strong></span> <span class='ocrx_word' id='word_1_96' title='bbox 625 1885 686 1978; x_wconf 78' lang='grc' dir='ltr'>γδρ</span> <span class='ocrx_word' id='word_1_97' title='bbox 710 1886 778 1957; x_wconf 74' lang='grc' dir='ltr'><strong><em>οἶδε</em></strong></span> <span class='ocrx_word' id='word_1_98' title='bbox 800 1888 853 1955; x_wconf 85' lang='grc' dir='ltr'>καλ</span> <span class='ocrx_word' id='word_1_99' title='bbox 874 1888 1003 1978; x_wconf 82' lang='grc' dir='ltr'><strong><em>πέφυκε</em></strong></span> <span class='ocrx_word' id='word_1_100' title='bbox 1022 1884 1066 1980; x_wconf 79' lang='grc' dir='ltr'><em>μή</em></span> <span class='ocrx_word' id='word_1_101' title='bbox 1087 1892 1198 1979; x_wconf 80' lang='grc' dir='ltr'><strong><em>λέγειν.</em></strong></span> 
     </span>
    </p>

    <p class='ocr_par' dir='ltr' id='par_1_7' title="bbox 339 2002 1427 2095">
     <span class='ocr_line' id='line_1_14' title="bbox 339 2002 1427 2095; baseline 0.005 -23"><span class='ocrx_word' id='word_1_102' title='bbox 339 2010 459 2073; x_wconf 80' lang='lat' dir='ltr'>Recens</span> <span class='ocrx_word' id='word_1_103' title='bbox 486 2030 591 2071; x_wconf 86' lang='lat' dir='ltr'>aevum</span> <span class='ocrx_word' id='word_1_104' title='bbox 618 2006 723 2092; x_wconf 90' lang='lat' dir='ltr'>prodit</span> <span class='ocrx_word' id='word_1_105' title='bbox 742 2003 850 2070; x_wconf 82' lang='grc' dir='ltr'><strong><em>λαλεῖν</em></strong></span> <span class='ocrx_word' id='word_1_106' title='bbox 876 2026 930 2089; x_wconf 92' lang='lat' dir='ltr'>pro</span> <span class='ocrx_word' id='word_1_107' title='bbox 954 2002 1056 2091; x_wconf 77' lang='grc' dir='ltr'><strong><em>λέγειν</em></strong></span> <span class='ocrx_word' id='word_1_108' title='bbox 1086 2018 1266 2095; x_wconf 84' lang='lat' dir='ltr'>usurpatum</span> <span class='ocrx_word' id='word_1_109' title='bbox 1296 2017 1327 2076; x_wconf 91' lang='lat' dir='ltr'>et</span> <span class='ocrx_word' id='word_1_110' title='bbox 1357 2035 1427 2076; x_wconf 86' lang='lat' dir='ltr'>seo·</span> 
     </span>
    </p>
   </div>
   <div class='ocr_carea' id='block_1_3' title="bbox 296 2119 1426 2329">
    <p class='ocr_par' dir='ltr' id='par_1_8' title="bbox 296 2119 1426 2329">
     <span class='ocr_line' id='line_1_15' title="bbox 296 2119 846 2209; baseline -0.009 -22"><span class='ocrx_word' id='word_1_111' title='bbox 296 2124 393 2187; x_wconf 82' lang='lat' dir='ltr'>tentia</span> <span class='ocrx_word' id='word_1_112' title='bbox 416 2124 544 2209; x_wconf 86' lang='lat' dir='ltr'>pessime</span> <span class='ocrx_word' id='word_1_113' title='bbox 567 2127 715 2208; x_wconf 84' lang='lat' dir='ltr'>concepta</span> <span class='ocrx_word' id='word_1_114' title='bbox 739 2119 846 2184; x_wconf 75' lang='lat' dir='ltr'>verbis.</span> 
     </span>
     <span class='ocr_line' id='line_1_16' title="bbox 343 2233 1426 2329; baseline 0.003 -26"><span class='ocrx_word' id='word_1_115' title='bbox 343 2242 372 2302; x_wconf 84' lang='lat'>6.</span> <span class='ocrx_word' id='word_1_116' title='bbox 397 2238 555 2323; x_wconf 77' lang='lat' dir='ltr'>sequioris</span> <span class='ocrx_word' id='word_1_117' title='bbox 579 2237 644 2300; x_wconf 84' lang='lat' dir='ltr'>aevi</span> <span class='ocrx_word' id='word_1_118' title='bbox 668 2241 823 2322; x_wconf 83' lang='lat' dir='ltr'>poetastro</span> <span class='ocrx_word' id='word_1_119' title='bbox 847 2233 951 2298; x_wconf 88' lang='lat' dir='ltr'>tribuo</span> <span class='ocrx_word' id='word_1_120' title='bbox 975 2257 1081 2302; x_wconf 86' lang='lat' dir='ltr'>versus</span> <span class='ocrx_word' id='word_1_121' title='bbox 1105 2261 1152 2324; x_wconf 86' lang='lat' dir='ltr'>ap.</span> <span class='ocrx_word' id='word_1_122' title='bbox 1180 2246 1261 2305; x_wconf 78' lang='lat' dir='ltr'>auct.</span> <span class='ocrx_word' id='word_1_123' title='bbox 1291 2263 1426 2329; x_wconf 84' lang='lat' dir='ltr'>compar.</span> 
     </span>
    </p>
   </div>
   <div class='ocr_carea' id='block_1_4' title="bbox 295 2349 1426 3231">
    <p class='ocr_par' dir='ltr' id='par_1_9' title="bbox 295 2349 1426 2557">
     <span class='ocr_line' id='line_1_17' title="bbox 296 2349 1426 2439; baseline 0.003 -20"><span class='ocrx_word' id='word_1_124' title='bbox 296 2355 379 2419; x_wconf 90' lang='lat' dir='ltr'>Meu.</span> <span class='ocrx_word' id='word_1_125' title='bbox 412 2359 442 2418; x_wconf 89' lang='lat' dir='ltr'>et</span> <span class='ocrx_word' id='word_1_126' title='bbox 472 2352 555 2418; x_wconf 89' lang='lat' dir='ltr'>Phil.</span> <span class='ocrx_word' id='word_1_127' title='bbox 588 2376 616 2439; x_wconf 90' lang='lat' dir='ltr'>p.</span> <span class='ocrx_word' id='word_1_128' title='bbox 647 2353 730 2427; x_wconf 80' lang='lat'>351,</span> <span class='ocrx_word' id='word_1_129' title='bbox 758 2352 789 2413; x_wconf 88' lang='lat' dir='ltr'>iu</span> <span class='ocrx_word' id='word_1_130' title='bbox 814 2349 927 2434; x_wconf 88' lang='lat' dir='ltr'>quibus</span> <span class='ocrx_word' id='word_1_131' title='bbox 950 2353 1151 2418; x_wconf 84' lang='lat' dir='ltr'>emendandis</span> <span class='ocrx_word' id='word_1_132' title='bbox 1179 2355 1245 2420; x_wconf 85' lang='lat' dir='ltr'>scil.</span> <span class='ocrx_word' id='word_1_133' title='bbox 1269 2355 1370 2421; x_wconf 88' lang='lat' dir='ltr'>oleum</span> <span class='ocrx_word' id='word_1_134' title='bbox 1394 2363 1426 2422; x_wconf 87' lang='lat' dir='ltr'>et</span> 
     </span>
     <span class='ocr_line' id='line_1_18' title="bbox 295 2452 846 2557; baseline -0.009 -24"><span class='ocrx_word' id='word_1_135' title='bbox 295 2491 414 2557; x_wconf 82' lang='lat' dir='ltr'>operam</span> <span class='ocrx_word' id='word_1_136' title='bbox 440 2469 574 2556; x_wconf 87' lang='lat' dir='ltr'>perdunt</span> <span class='ocrx_word' id='word_1_137' title='bbox 597 2465 656 2532; x_wconf 92' lang='lat' dir='ltr'>viri</span> <span class='ocrx_word' id='word_1_138' title='bbox 671 2452 782 2530; x_wconf 74' lang='grc' dir='ltr'>1δοολίε</span> <span class='ocrx_word' id='word_1_139' title='bbox 843 2488 846 2493; x_wconf 95' lang='grc'><strong><em>·</em></strong></span> 
     </span>
    </p>

    <p class='ocr_par' dir='ltr' id='par_1_10' title="bbox 450 2574 1241 2669">
     <span class='ocr_line' id='line_1_19' title="bbox 450 2574 1241 2669; baseline 0.001 -23"><span class='ocrx_word' id='word_1_140' title='bbox 450 2574 470 2647; x_wconf 82' lang='grc' dir='ltr'><strong><em>δ</em></strong></span> <span class='ocrx_word' id='word_1_141' title='bbox 490 2581 543 2645; x_wconf 90' lang='grc' dir='ltr'>δεῖ</span> <span class='ocrx_word' id='word_1_142' title='bbox 561 2582 684 2645; x_wconf 76' lang='grc' dir='ltr'><strong><em>παθεῖν</em></strong></span> <span class='ocrx_word' id='word_1_143' title='bbox 707 2600 744 2644; x_wconf 89' lang='grc' dir='ltr'>σε</span> <span class='ocrx_word' id='word_1_144' title='bbox 765 2579 916 2666; x_wconf 78' lang='grc' dir='ltr'><strong><em>μηδαμοῦ</em></strong></span> <span class='ocrx_word' id='word_1_145' title='bbox 939 2576 1065 2668; x_wconf 79' lang='grc' dir='ltr'><strong><em>σκὲιγῃ</em></strong></span> <span class='ocrx_word' id='word_1_146' title='bbox 1089 2587 1241 2669; x_wconf 90' lang='grc' dir='ltr'><strong><em>φυγεῖν,</em></strong></span> 
     </span>
    </p>

    <p class='ocr_par' dir='ltr' id='par_1_11' title="bbox 449 2682 1288 2781">
     <span class='ocr_line' id='line_1_20' title="bbox 449 2682 1288 2781; baseline 0.004 -24"><span class='ocrx_word' id='word_1_147' title='bbox 449 2685 488 2758; x_wconf 79' lang='grc' dir='ltr'>οὐ</span> <span class='ocrx_word' id='word_1_148' title='bbox 506 2686 566 2780; x_wconf 80' lang='grc' dir='ltr'>γδρ</span> <span class='ocrx_word' id='word_1_149' title='bbox 590 2682 710 2781; x_wconf 79' lang='grc' dir='ltr'><strong><em>δυνήσῃ</em></strong></span> <span class='ocrx_word' id='word_1_150' title='bbox 731 2686 906 2779; x_wconf 80' lang='grc' dir='ltr'><strong><em>φεύγειν,</em></strong></span> <span class='ocrx_word' id='word_1_151' title='bbox 932 2683 953 2757; x_wconf 85' lang='grc' dir='ltr'>ὅ</span> <span class='ocrx_word' id='word_1_152' title='bbox 972 2710 1016 2755; x_wconf 90' lang='grc' dir='ltr'>σε</span> <span class='ocrx_word' id='word_1_153' title='bbox 1037 2692 1100 2757; x_wconf 88' lang='grc' dir='ltr'><strong><em>δεῖ</em></strong></span> <span class='ocrx_word' id='word_1_154' title='bbox 1119 2697 1288 2774; x_wconf 64' lang='grc' dir='ltr'><strong><em>παθεῖν,</em></strong></span> 
     </span>
    </p>

    <p class='ocr_par' dir='ltr' id='par_1_12' title="bbox 448 2795 1138 2893">
     <span class='ocr_line' id='line_1_21' title="bbox 448 2795 1138 2893; baseline 0 -24"><span class='ocrx_word' id='word_1_155' title='bbox 448 2799 486 2869; x_wconf 81' lang='grc' dir='ltr'>τό</span> <span class='ocrx_word' id='word_1_156' title='bbox 508 2801 723 2891; x_wconf 79' lang='grc' dir='ltr'><strong><em>πεπρωμένον</em></strong></span> <span class='ocrx_word' id='word_1_157' title='bbox 744 2795 805 2891; x_wconf 79' lang='grc' dir='ltr'><strong><em>γοῖρ</em></strong></span> <span class='ocrx_word' id='word_1_158' title='bbox 828 2796 867 2868; x_wconf 79' lang='lat' dir='ltr'>ori</span> <span class='ocrx_word' id='word_1_159' title='bbox 886 2795 984 2886; x_wconf 73' lang='lat' dir='ltr'>privor</span> <span class='ocrx_word' id='word_1_160' title='bbox 1005 2807 1138 2893; x_wconf 84' lang='grc' dir='ltr'><strong><em>βροτοῖς</em></strong></span> 
     </span>
    </p>

    <p class='ocr_par' dir='ltr' id='par_1_13' title="bbox 448 2905 1191 3005">
     <span class='ocr_line' id='line_1_22' title="bbox 448 2905 1191 3005; baseline 0.007 -27"><span class='ocrx_word' id='word_1_161' title='bbox 448 2905 612 3002; x_wconf 76' lang='grc' dir='ltr'><strong><em>ἄφευκτόν</em></strong></span> <span class='ocrx_word' id='word_1_162' title='bbox 632 2912 734 2995; x_wconf 76' lang='grc' dir='ltr'><strong><em>ἐστιν,</em></strong></span> <span class='ocrx_word' id='word_1_163' title='bbox 758 2907 840 2980; x_wconf 77' lang='grc' dir='ltr'><strong><em>οἷλλοῖ</em></strong></span> <span class='ocrx_word' id='word_1_164' title='bbox 861 2914 914 2980; x_wconf 83' lang='grc' dir='ltr'>καὶ</span> <span class='ocrx_word' id='word_1_165' title='bbox 934 2908 1000 2981; x_wconf 84' lang='grc' dir='ltr'><strong><em>τόν</em></strong></span> <span class='ocrx_word' id='word_1_166' title='bbox 1019 2908 1191 3005; x_wconf 72' lang='grc' dir='ltr'><strong><em>οὐρανόν.</em></strong></span> 
     </span>
    </p>

    <p class='ocr_par' dir='ltr' id='par_1_14' title="bbox 339 3027 1426 3116">
     <span class='ocr_line' id='line_1_23' title="bbox 339 3027 1426 3116; baseline 0 -21"><span class='ocrx_word' id='word_1_167' title='bbox 339 3029 490 3095; x_wconf 83' lang='lat' dir='ltr'>Diduotis</span> <span class='ocrx_word' id='word_1_168' title='bbox 513 3027 613 3093; x_wconf 85' lang='lat' dir='ltr'>literis</span> <span class='ocrx_word' id='word_1_169' title='bbox 637 3029 833 3116; x_wconf 82' lang='lat' dir='ltr'>significavi,</span> <span class='ocrx_word' id='word_1_170' title='bbox 864 3051 940 3113; x_wconf 86' lang='lat' dir='ltr'>quae</span> <span class='ocrx_word' id='word_1_171' title='bbox 973 3051 989 3092; x_wconf 83' lang='lat' dir='ltr'><strong>a</strong></span> <span class='ocrx_word' id='word_1_172' title='bbox 1022 3035 1121 3095; x_wconf 81' lang='lat' dir='ltr'>vetere</span> <span class='ocrx_word' id='word_1_173' title='bbox 1146 3036 1235 3116; x_wconf 82' lang='lat' dir='ltr'>pocta</span> <span class='ocrx_word' id='word_1_174' title='bbox 1260 3030 1305 3094; x_wconf 90' lang='lat' dir='ltr'>vel</span> <span class='ocrx_word' id='word_1_175' title='bbox 1337 3028 1426 3095; x_wconf 89' lang='lat' dir='ltr'>valde</span> 
     </span>
    </p>

    <p class='ocr_par' dir='ltr' id='par_1_15' title="bbox 296 3144 1426 3231">
     <span class='ocr_line' id='line_1_24' title="bbox 296 3144 1426 3231; baseline 0.001 -21"><span class='ocrx_word' id='word_1_176' title='bbox 296 3146 442 3210; x_wconf 84' lang='lat' dir='ltr'>mediocri</span> <span class='ocrx_word' id='word_1_177' title='bbox 462 3146 599 3231; x_wconf 82' lang='lat' dir='ltr'>profecta</span> <span class='ocrx_word' id='word_1_178' title='bbox 629 3167 693 3208; x_wconf 86' lang='lat' dir='ltr'>esse</span> <span class='ocrx_word' id='word_1_179' title='bbox 724 3151 889 3230; x_wconf 79' lang='lat' dir='ltr'>nequeunt.</span> <span class='ocrx_word' id='word_1_180' title='bbox 920 3145 1079 3208; x_wconf 85' lang='lat' dir='ltr'>Praeterea</span> <span class='ocrx_word' id='word_1_181' title='bbox 1107 3167 1151 3209; x_wconf 88' lang='lat' dir='ltr'>vs.</span> <span class='ocrx_word' id='word_1_182' title='bbox 1171 3148 1191 3211; x_wconf 88' lang='lat'><strong>3</strong></span> <span class='ocrx_word' id='word_1_183' title='bbox 1215 3144 1346 3211; x_wconf 87' lang='lat' dir='ltr'>elumbis</span> <span class='ocrx_word' id='word_1_184' title='bbox 1368 3152 1426 3212; x_wconf 85' lang='lat' dir='ltr'>est.</span> 
     </span>
    </p>
   </div>
   <div class='ocr_carea' id='block_1_5' title="bbox 191 3377 1427 4443">
    <p class='ocr_par' dir='ltr' id='par_1_16' title="bbox 191 3377 1427 4443">
     <span class='ocr_line' id='line_1_25' title="bbox 342 3377 1165 3469; baseline 0 -23"><span class='ocrx_word' id='word_1_185' title='bbox 342 3384 472 3448; x_wconf 87' lang='lat' dir='ltr'>Versum</span> <span class='ocrx_word' id='word_1_186' title='bbox 497 3405 543 3469; x_wconf 82' lang='lat' dir='ltr'>ep.</span> <span class='ocrx_word' id='word_1_187' title='bbox 566 3384 666 3447; x_wconf 83' lang='lat' dir='ltr'>Oram.</span> <span class='ocrx_word' id='word_1_188' title='bbox 690 3382 749 3446; x_wconf 85' lang='lat' dir='ltr'>Au.</span> <span class='ocrx_word' id='word_1_189' title='bbox 773 3377 831 3447; x_wconf 88' lang='lat' dir='ltr'>Gr.</span> <span class='ocrx_word' id='word_1_190' title='bbox 854 3381 914 3445; x_wconf 83' lang='lat' dir='ltr'>Ox.</span> <span class='ocrx_word' id='word_1_191' title='bbox 934 3381 951 3444; x_wconf 96' lang='lat' dir='ltr'>I</span> <span class='ocrx_word' id='word_1_192' title='bbox 974 3403 1004 3467; x_wconf 86' lang='lat' dir='ltr'>p.</span> <span class='ocrx_word' id='word_1_193' title='bbox 1027 3384 1089 3459; x_wconf 84' lang='lat'>83,</span> <span class='ocrx_word' id='word_1_194' title='bbox 1113 3383 1165 3446; x_wconf 80' lang='lat'>30.</span> 
     </span>
     <span class='ocr_line' id='line_1_26' title="bbox 501 3484 1193 3582; baseline -0.006 -19"><span class='ocrx_word' id='word_1_195' title='bbox 501 3486 585 3563; x_wconf 81' lang='grc' dir='ltr'>Ἀλλ’</span> <span class='ocrx_word' id='word_1_196' title='bbox 604 3484 771 3578; x_wconf 76' lang='grc' dir='ltr'><strong><em>όντόμεθα</em></strong></span> <span class='ocrx_word' id='word_1_197' title='bbox 791 3485 878 3582; x_wconf 81' lang='grc' dir='ltr'><strong><em>πρός</em></strong></span> <span class='ocrx_word' id='word_1_198' title='bbox 898 3487 1002 3581; x_wconf 76' lang='grc' dir='ltr'><strong><em>Ζηνός</em></strong></span> <span class='ocrx_word' id='word_1_199' title='bbox 1021 3486 1193 3576; x_wconf 84' lang='grc' dir='ltr'><strong><em>Ὀλυμπίου</em></strong></span> 
     </span>
     <span class='ocr_line' id='line_1_27' title="bbox 191 3604 1056 3695; baseline -0.003 -19"><span class='ocrx_word' id='word_1_200' title='bbox 191 3679 192 3684; x_wconf 59' lang='grc'><strong><em>,</em></strong></span> <span class='ocrx_word' id='word_1_201' title='bbox 297 3609 549 3676; x_wconf 82' lang='lat' dir='ltr'>Schneidewious</span> <span class='ocrx_word' id='word_1_202' title='bbox 570 3608 729 3695; x_wconf 81' lang='lat' dir='ltr'>rescripsit</span> <span class='ocrx_word' id='word_1_203' title='bbox 752 3607 784 3672; x_wconf 89' lang='lat' dir='ltr'>in</span> <span class='ocrx_word' id='word_1_204' title='bbox 809 3604 893 3672; x_wconf 89' lang='lat' dir='ltr'>huuc</span> <span class='ocrx_word' id='word_1_205' title='bbox 915 3607 1056 3673; x_wconf 90' lang='lat' dir='ltr'>modum:</span> 
     </span>
     <span class='ocr_line' id='line_1_28' title="bbox 503 3712 1231 3807; baseline 0 -21"><span class='ocrx_word' id='word_1_206' title='bbox 503 3715 584 3786; x_wconf 84' lang='grc' dir='ltr'><strong><em>Ἀλλ’</em></strong></span> <span class='ocrx_word' id='word_1_207' title='bbox 602 3712 792 3803; x_wconf 68' lang='grc' dir='ltr'><strong><em>ἀντόμεσθα</em></strong></span> <span class='ocrx_word' id='word_1_208' title='bbox 811 3714 897 3807; x_wconf 81' lang='grc' dir='ltr'><strong><em>πρός</em></strong></span> <span class='ocrx_word' id='word_1_209' title='bbox 918 3715 997 3797; x_wconf 84' lang='grc' dir='ltr'><strong><em>Διός</em></strong></span> <span class='ocrx_word' id='word_1_210' title='bbox 1017 3712 1231 3806; x_wconf 76' lang='grc' dir='ltr'><strong><em>τοιῖλυμπλου.</em></strong></span> 
     </span>
     <span class='ocr_line' id='line_1_29' title="bbox 297 3825 1425 3924; baseline -0.003 -21"><span class='ocrx_word' id='word_1_211' title='bbox 297 3863 345 3904; x_wconf 88' lang='grc' dir='ltr'>ιοε</span> <span class='ocrx_word' id='word_1_212' title='bbox 368 3839 471 3903; x_wconf 85' lang='lat' dir='ltr'>iudice</span> <span class='ocrx_word' id='word_1_213' title='bbox 493 3859 599 3924; x_wconf 81' lang='lat' dir='ltr'>parurn</span> <span class='ocrx_word' id='word_1_214' title='bbox 624 3834 843 3921; x_wconf 83' lang='lat' dir='ltr'>probabiliter,</span> <span class='ocrx_word' id='word_1_215' title='bbox 867 3836 940 3921; x_wconf 81' lang='lat' dir='ltr'>quia</span> <span class='ocrx_word' id='word_1_216' title='bbox 959 3835 1113 3920; x_wconf 90' lang='lat' dir='ltr'>quomodo</span> <span class='ocrx_word' id='word_1_217' title='bbox 1136 3825 1216 3908; x_wconf 81' lang='grc' dir='ltr'><strong><em>Διός</em></strong></span> <span class='ocrx_word' id='word_1_218' title='bbox 1231 3837 1265 3900; x_wconf 91' lang='lat' dir='ltr'>in</span> <span class='ocrx_word' id='word_1_219' title='bbox 1280 3835 1425 3900; x_wconf 88' lang='lat' dir='ltr'>rariorem</span> 
     </span>
     <span class='ocr_line' id='line_1_30' title="bbox 298 3948 1427 4039; baseline -0.002 -21"><span class='ocrx_word' id='word_1_220' title='bbox 298 3955 460 4039; x_wconf 82' lang='lat' dir='ltr'>minusque</span> <span class='ocrx_word' id='word_1_221' title='bbox 489 3959 592 4017; x_wconf 84' lang='lat' dir='ltr'>uotam</span> <span class='ocrx_word' id='word_1_222' title='bbox 625 3950 760 4015; x_wconf 80' lang='lat' dir='ltr'>librariis</span> <span class='ocrx_word' id='word_1_223' title='bbox 791 3951 918 4014; x_wconf 82' lang='lat' dir='ltr'>formam</span> <span class='ocrx_word' id='word_1_224' title='bbox 942 3948 1025 4015; x_wconf 85' lang='lat' dir='ltr'>ubire</span> <span class='ocrx_word' id='word_1_225' title='bbox 1048 3951 1201 4036; x_wconf 86' lang='lat' dir='ltr'>potuerit,</span> <span class='ocrx_word' id='word_1_226' title='bbox 1223 3974 1285 4016; x_wconf 91' lang='lat' dir='ltr'>nou</span> <span class='ocrx_word' id='word_1_227' title='bbox 1309 3951 1427 4038; x_wconf 89' lang='lat' dir='ltr'>perspi·</span> 
     </span>
     <span class='ocr_line' id='line_1_31' title="bbox 298 4064 1197 4155; baseline -0.004 -21"><span class='ocrx_word' id='word_1_228' title='bbox 298 4071 387 4135; x_wconf 83' lang='lat' dir='ltr'>citur.</span> <span class='ocrx_word' id='word_1_229' title='bbox 412 4071 483 4155; x_wconf 81' lang='lat' dir='ltr'>Ipse</span> <span class='ocrx_word' id='word_1_230' title='bbox 506 4064 666 4132; x_wconf 88' lang='lat' dir='ltr'>dochmios</span> <span class='ocrx_word' id='word_1_231' title='bbox 689 4065 784 4131; x_wconf 84' lang='lat' dir='ltr'>latere</span> <span class='ocrx_word' id='word_1_232' title='bbox 807 4072 882 4150; x_wconf 87' lang='lat' dir='ltr'>puto</span> <span class='ocrx_word' id='word_1_233' title='bbox 905 4065 951 4129; x_wconf 85' lang='lat' dir='ltr'>sic</span> <span class='ocrx_word' id='word_1_234' title='bbox 974 4065 1197 4131; x_wconf 87' lang='lat' dir='ltr'>restituendos:</span> 
     </span>
     <span class='ocr_line' id='line_1_32' title="bbox 965 4169 1034 4243; baseline 0 0"><span class='ocrx_word' id='word_1_235' title='bbox 965 4169 1034 4243; x_wconf 75' lang='grc' dir='ltr'><strong><em>ἄλλ’</em></strong></span> 
     </span>
     <span class='ocr_line' id='line_1_33' title="bbox 505 4279 1198 4376; baseline -0.003 -19"><span class='ocrx_word' id='word_1_236' title='bbox 505 4281 658 4373; x_wconf 75' lang='grc' dir='ltr'><strong><em>ἀντόμεθ’</em></strong></span> <span class='ocrx_word' id='word_1_237' title='bbox 679 4279 707 4353; x_wconf 75' lang='grc' dir='ltr'><strong><em>οῖ</em></strong></span> <span class='ocrx_word' id='word_1_238' title='bbox 727 4311 765 4354; x_wconf 91' lang='grc' dir='ltr'>σε</span> <span class='ocrx_word' id='word_1_239' title='bbox 786 4282 872 4376; x_wconf 80' lang='grc' dir='ltr'><strong><em>πρός</em></strong></span> <span class='ocrx_word' id='word_1_240' title='bbox 893 4283 995 4376; x_wconf 77' lang='grc' dir='ltr'><strong><em>Ζηνός</em></strong></span> <span class='ocrx_word' id='word_1_241' title='bbox 1018 4282 1198 4374; x_wconf 75' lang='grc' dir='ltr'><strong><em>Ὀλυμπίου.</em></strong></span> 
     </span>
     <span class='ocr_line' id='line_1_34' title="bbox 782 4410 937 4443; baseline 0.006 -1"><span class='ocrx_word' id='word_1_242' title='bbox 782 4410 937 4443; x_wconf 68' lang='lat'><em>——-0--</em></span> 
     </span>
    </p>
   </div>
   <div class='ocr_carea' id='block_1_6' title="bbox 0 0 1516 5264">
    <p class='ocr_par' dir='ltr' id='par_1_17' title="bbox 0 0 1516 5264">
     <span class='ocr_line' id='line_1_35' title="bbox 0 0 1516 5264; baseline 0 8"><span class='ocrx_word' id='word_1_243' title='bbox 0 0 1516 5264; x_wconf 95' lang='lat' dir='ltr'> </span> 
     </span>
    </p>
   </div>
  </div>
 </body>
</html>
