3024 5264
723 442 785 504 176

234 614 346 674 Contra
369 611 550 675 Eubulidam
573 613 585 685 i
605 614 666 678 24:
689 610 762 686 πῶς
785 608 884 683 ένεςιν
903 607 940 702 [ἢ
961 615 1034 689 πῶς
1065 614 1214 708 δυνατόν]
1243 614 1320 690 umi-

185 744 262 796 τους
282 714 427 799 ἅπαντας
445 715 490 809 μή
519 716 591 807 μετ’
616 716 776 813 ἀληθείας
805 717 1012 813 ὑπάρχοντας
1040 724 1319 821 κατεσκευάσδαα

187 839 205 921 ᾧ
230 838 288 901 26:
313 833 418 903 οἴεταί
437 857 486 910 τις
505 824 562 901 οὖν
578 826 668 917 ὑμῶν
688 834 778 903 έᾶσαι
800 831 875 904 ποτ’
895 834 934 903 δν
953 834 1031 916 τοδς
1051 832 1196 928 δημότας
1221 843 1319 911 έκεῖ-

186 973 248 1014 νον
271 942 339 1015 τόν
366 945 455 1028 ξένον
482 946 535 1012 καὶ
555 946 601 1035 μη
621 948 757 1039 πολίτην
776 943 888 1040 άρχειν
914 951 991 1037 παρ’
1010 943 1140 1035 αὑτοῖς,
1170 947 1240 1020 ἀλλ’
1260 950 1320 1024 ουἰι

186 1053 224 1127 ἀν
245 1064 439 1149 κατηγορεῖν.
470 1063 572 1149 Lege:
600 1059 747 1128 ἐκεῖνον
772 1054 866 1130 ὄντα
885 1062 975 1144 ξένον
993 1065 1055 1133 κτέ.
1077 1069 1196 1154 Optimi
1228 1071 1318 1135 oodd.

187 1181 216 1242 Γ
214 1181 274 1240 ΣΦ
296 1176 461 1241 articulum
477 1183 547 1263 post
563 1176 678 1244 ἐκεῖνον
697 1179 859 1264 ignorant,
880 1201 1008 1265 eumque
1023 1183 1055 1246 in
1077 1183 1123 1248 ed.
1143 1185 1319 1251 Oxoniensi

185 1291 289 1355 omisit
312 1291 503 1358 Diodortius.
527 1295 570 1358 At
593 1293 757 1380 participio
777 1295 810 1357 in
831 1294 886 1358 tali
910 1298 1063 1362 sententie
1098 1321 1200 1364 carere
1228 1300 1317 1365 nullo

186 1411 276 1493 paeto
301 1409 407 1493 possis.
432 1410 449 1493 δ
473 1413 531 1472 42:
562 1411 609 1492 τῷ
627 1403 685 1489 μέν
699 1405 747 1481 εἰς
769 1405 826 1491 έμέ
846 1401 952 1494 ἥκοντι
974 1401 1107 1496 κινδάνῳ
1128 1414 1181 1478 νῦν
1197 1405 1246 1497 μά
1263 1408 1319 1479 τόν

185 1519 251 1588 Δία
271 1512 344 1603 οάχὶ
355 1519 525 1609 συμφέρον
535 1521 669 1606 πράημα
689 1509 894 1607 ποιήσασα
907 1556 945 1568 -
957 1523 998 1609 τῇ
1004 1521 1113 1604 μέντοι
1123 1516 1318 1614 ὑπαρχούσῃ

185 1632 283 1718 πενίᾳ
304 1634 385 1707 ἴσως
403 1632 457 1698 καὶ
476 1626 631 1719 ἀναγκαῖα
651 1630 705 1696 καὶ
724 1623 923 1719 ἁρμόττοντα
950 1634 1132 1721 [ποιοῦσα]
1166 1639 1318 1704 Similiter

187 1749 205 1831 ᾧ
224 1749 266 1812 54
288 1747 425 1812 deleatur
447 1747 524 1810 male
550 1747 714 1833 repetitum
738 1736 814 1835 ἦγον
831 1753 900 1831 post
922 1738 1126 1823 ’Λπόλλωνος
1149 1742 1318 1841 πατρῴου.

187 1865 205 1946 δ
230 1869 290 1927 55:
314 1854 385 1928 ἀλλ’
406 1854 538 1940 ἁπλοῖς,
567 1855 600 1926 ἐν
620 1855 670 1933 οἷς
688 1850 706 1923 δ
727 1849 868 1933 πάππος
892 1850 910 1924 ὁ
932 1855 1020 1949 πρός
1039 1853 1182 1950 πατρός,
1204 1859 1319 1948 ὀέμδς

185 1967 310 2064 πατήρ,
332 1971 475 2041 ἐνταῦθα
495 1973 548 2039 καὶ
567 1967 666 2047 αάτδς
686 1969 844 2057 φαλνομαι
860 1964 1126 2059 δημοτευόμενος.
1141 1978 1318 2062 Repeteuda

186 2090 330 2154 videntur
350 2111 420 2152 cum
439 2088 573 2173 emphasi
593 2084 742 2151 vocabula
766 2080 797 2147 ἐν
820 2080 870 2157 οἷς
887 2093 958 2172 post
977 2082 1113 2177 πατρός.
1134 2092 1318 2158 Dindorfius

186 2205 304 2270 edidit:
335 2193 432 2270 καὶὸ
466 2197 542 2283 ἐμός
569 2193 687 2287 πατήρ.
722 2201 740 2284 o
769 2200 829 2264 56:
855 2200 918 2262 τοῖν
946 2201 1318 2289 ἀποψηφισαμένων

184 2310 397 2401 Ἁλιμουσίων
427 2311 519 2398 ἐμοῦ
546 2313 609 2379 κτέ.
638 2315 739 2402 Lego:
780 2313 845 2377 τῶν
874 2304 1215 2401 ἀπεψηφισμένων
1243 2343 1319 2400 μου

183 2426 407 2513 Ἁλιμουσίων.
428 2431 446 2514 δ
470 2431 513 2494 61
534 2422 591 2501 οὓς
610 2422 648 2493 τδ
672 2417 858 2516 δικαςήριον
875 2424 1068 2506 κατεδέξατο
1097 2453 1238 2517 expungo
1267 2433 1318 2495 in·

185 2552 275 2609 vecta
293 2569 309 2609 e
329 2546 513 2632 praegressis
533 2545 565 2608 in
591 2545 609 2628 ᾧ
632 2547 682 2608 60.

232 2663 345 2724 Contra
367 2661 523 2723 Neaeram
547 2661 565 2743 ᾧ
590 2663 609 2723 3
635 2657 704 2722 dele
726 2655 874 2721 vocabula
895 2654 950 2718 καὶ
977 2654 1123 2738 πολέμου
1143 2667 1214 2744 post
1236 2680 1317 2743 συμ-

184 2765 302 2856 βάντος
318 2774 454 2861 καιροῦ
471 2774 511 2860 τῇ
534 2764 629 2838 πόλει
650 2763 809 2838 τοιοότου.
837 2773 854 2855 δ
879 2773 899 2834 4
926 2772 996 2833 init.
1018 2779 1211 2859 expungatur
1238 2776 1318 2856 βου-

183 2878 327 2972 :storo
348 2890 407 2952 43:
427 2879 502 2950 eiius
527 2882 587 2973 γάρ
616 2878 684 2949 α’πδ
715 2884 773 2971 τῆς
797 2882 964 2956 πολιτείας
992 2876 1132 2971 προσῄει
1159 2876 1316 2974 Στεφάνῳ

184 3001 304 3086 τουτῳὶ
314 2995 403 3080 ἀξιον
413 2990 510 3084 λόγοιν
523 3020 530 3034 ·
550 2989 589 3061 ori
599 2989 661 3084 γάρ
673 2994 735 3060 κτέ.
747 3000 906 3062 Inseratur
919 2988 1011 3060 οὐδέν
1025 3003 1094 3082 post
1108 2987 1214 3082 λόγου.
1229 3001 1298 3083 §48
1311 3023 1317 3062 :

183 3106 273 3179 κάλει
283 3137 340 3194 μοι
349 3109 517 3199 μάρτυρας
530 3103 607 3182 voto
627 3112 822 3185 συνόντας
842 3104 968 3189 αάτοῖς,
988 3111 1127 3195 requiro:
1142 3106 1220 3187 τούς
1231 3132 1318 3196 συγ-

185 3250 275 3313 γεμο
284 3217 399 3299 νότας
408 3221 469 3288 κτέ.
480 3225 497 3307 δ
509 3228 549 3286 57
564 3223 728 3288 voeabula:
741 3215 916 3311 ἐποιήσατο
925 3216 980 3288 τόν
989 3224 1094 3288 παῖδα
1106 3223 1160 3290 καὶ
1169 3221 1319 3303 ἀνέλαβεν

187 3333 233 3413 ὠς
247 3331 420 3404 αὑτόνείυο
437 3338 547 3401 damno
559 3340 728 3402 sententiae
748 3338 851 3402 abesse
869 3341 1022 3422 poterant:
1046 3345 1198 3422 praeterea
1222 3340 1318 3401 offen·

187 3455 267 3517 sioni
280 3458 352 3516 suut
364 3452 473 3516 ultime
484 3452 540 3516 iile
561 3445 715 3535 ἀνέλαβεν
731 3444 777 3524 οἷς
792 3445 903 3530 αὐτόν,
925 3455 997 3536 quia
1014 3453 1209 3537 paucissimis
1220 3452 1319 3516 inter-

186 3570 295 3656 positis
306 3568 459 3652 sequitur:
472 3557 626 3648 ἀνέλαβεν
640 3556 737 3631 αδτόν
746 3600 786 3612 -
796 3557 952 3654 ἐρράισεν.
976 3570 993 3652 δ
1007 3573 1047 3632 85
1062 3589 1069 3630 :
1088 3559 1129 3633 ἵν’
1138 3555 1255 3651 εἰδῆθ’,
1268 3556 1319 3629 ὅτι

186 3674 226 3749 οὐ
232 3673 329 3764 μόνον
339 3682 499 3769 προσῆκεν
519 3670 616 3764 αὐτην
633 3669 819 3761 ἀπέχεσθαι
833 3679 899 3743 τοῖν
913 3679 1010 3768 ἱερῶν
1029 3675 1150 3746 τούτων
1168 3667 1320 3762 τοιαύτην

187 3786 285 3860 οὖσαν
308 3791 361 3857 καὶ
385 3794 519 3857 τοιαῦτα
544 3789 844 3878 διαπεπραγμένην,
871 3794 928 3857 τοῦ
945 3783 1023 3879 ὁρᾶν
1043 3790 1106 3857 καὶ
1126 3779 1238 3854 δέειν
1256 3785 1320 3851 καὶ

187 3913 319 3973 ποιεῖν
349 3929 386 3971 τι
420 3905 496 3970 τῶν
525 3900 794 3985 νομιζομένων
821 3895 919 3991 ἀπέρ
955 3906 1021 3991 τῆς
1057 3893 1211 3974 πόλεως
1250 3921 1319 3961 πα-

186 4019 318 4108 τρέων,
342 4010 423 4082 ἀλλά
446 4013 498 4080 καλ
523 4015 588 4079 τῶν
609 4007 714 4080 ἀλλων
733 4015 797 4079 τῶν
817 4006 990 4102 Ἀθήνησιν
1009 4008 1168 4080 ἁπάντων.
1203 4011 1319 4076 Nescio

188 4158 288 4199 enrrou
313 4131 522 4219 praestiterit:
541 4126 605 4192 καὶ
622 4131 756 4192 ποιεῖν
774 4152 811 4193 τι
835 4124 1105 4212 τιῦνπατρλων
1123 4115 1226 4212 ὑπὲρ
1249 4125 1320 4210 τῆς

187 4239 362 4325 πόλεως,
384 4237 466 4308 ἀλλά
485 4241 538 4306 καὶ
559 4239 621 4309 κτέ.
645 4241 797 4306 Similiter
825 4243 918 4306 initio
943 4244 960 4326 δ
987 4245 1027 4305 79
1049 4239 1249 4325 expunxerim
1272 4239 1320 4301 in-

186 4365 455 4448 terpretamentum
478 4354 699 4438 νομιζομένων.
729 4359 803 4421 Mox
828 4359 862 4444 (ρ
888 4361 943 4441 85)
965 4356 1095 4442 legitur:
1129 4343 1183 4438 ἐφ’
1207 4341 1229 4438 ᾗ
1257 4345 1318 4437 γάρ
