3024 5264
733 457 795 519 168

183 632 253 694 nino
280 629 414 714 suspicio
439 626 513 691 haec
538 627 628 693 verba
653 651 715 693 non
741 630 860 695 comico
895 629 1058 695 tribuenda
1092 652 1158 694 esse
1191 636 1320 717 poetae,

183 747 235 810 sed
260 745 353 809 alicui
377 744 497 830 tragico
515 743 724 808 Demosthene
744 745 929 829 antiquiori,
953 745 1041 810 ouius
1054 767 1157 809 versus
1176 745 1224 810 illi
1245 746 1320 812 haec

182 861 331 926 scribenti
357 861 510 924 obversati
532 860 605 925 sint.
630 860 730 932 Quam
755 861 961 945 suspicionem
986 859 1163 924 confirmare
1175 861 1321 926 videntur

182 978 295 1041 formae
317 970 540 1061 κοράσσεσθαι
560 981 591 1040 et
611 965 678 1060 κῆν.
703 976 767 1039 Vix
794 980 892 1039 autern
918 976 955 1040 de
986 975 1046 1040 alio
1075 981 1200 1040 auctore
1230 998 1321 1062 quam

183 1093 221 1156 de
243 1091 394 1176 Euripide
419 1091 550 1177 cogitari
570 1096 681 1176 potest.
713 1091 791 1156 Cum
826 1090 930 1154 eodem
966 1090 1035 1155 loco
1071 1096 1139 1177 apte
1170 1091 1321 1176 Taylorus

184 1212 359 1292 eomparat,
379 1229 455 1290 quae
467 1206 615 1293 leguntur
634 1229 680 1291 ap.
694 1207 870 1292 Appianum
895 1207 932 1270 B.
956 1207 1023 1272 civ.
1036 1205 1090 1271 III
1112 1229 1138 1272 e.
1163 1209 1204 1272 23
1224 1215 1322 1272 extr:

182 1317 200 1387 ὁ
223 1321 265 1386 δὲ
287 1310 407 1407 δῆμός
428 1314 523 1400 ε’ςιν,
545 1314 660 1408 ὥσπερ
686 1318 741 1384 καί
771 1313 811 1384 σε)
841 1321 947 1408 (verba
969 1328 1043 1386 sunt
1066 1323 1112 1387 M.
1133 1322 1265 1387 Antonii
1285 1321 1324 1385 ad

184 1434 349 1499 Octavium
375 1435 529 1508 iuvenem)
551 1432 615 1496 τῶν
636 1423 813 1520 Ἑλληνικῶν
842 1426 1071 1521 άρτιδίδακτος
1100 1428 1144 1500 ὢν
1176 1429 1322 1518 ἔμαθες,

182 1538 391 1634 άςάθμητον,
435 1540 569 1633 ὥσπερ
606 1542 643 1610 ἐν
679 1535 867 1633 θαλάσση
899 1545 1000 1628 κῦμα
1029 1541 1271 1628 κινούμενον,
1304 1539 1324 1611 ὁ

183 1656 252 1741 μεν
272 1647 392 1746 ‚treet
413 1650 431 1724 ὁ
453 1651 483 1724 ε’
504 1650 696 1746 tettan.
938 1641 940 1647 '
983 1634 987 1647 ’

229 1776 241 1849 i
267 1774 351 1839 163:
385 1763 455 1836 οὐδ’
475 1768 667 1857 ἐποίησαν
696 1761 811 1856 χρόνον
832 1762 956 1836 οὐδένα.
978 1772 1134 1837 Fortasse:
1158 1762 1226 1836 οὐδ’
1245 1767 1263 1835 ε’
1269 1792 1323 1835 νε-

184 1889 360 1978 ποίησαν
379 1882 442 1950 κτὲ.
464 1885 540 1950 Cod.
563 1891 688 1950 Eman.
710 1907 755 1970 pr.
779 1885 900 1949 omittit
924 1877 1048 1950 οὐδένα.

231 2004 335 2088 5192:
357 1997 410 2064 ἵνα
430 1998 536 2064 τοίνυν
557 1989 675 2085 εἰδῆθ’,
704 1990 755 2063 ὅτι
777 1989 816 2063 ori
835 1989 932 2080 μόνον
950 1997 1012 2061 τῶν
1033 1993 1175 2083 δημοσίᾳ
1195 1983 1325 2058 πώποτ’

184 2106 391 2206 ἐληλυθότων
413 2104 458 2185 οἷς
481 2108 648 2176 Φίλιππον
675 2100 864 2198 ἀνθρώπων
889 2102 972 2173 tnta?
1002 2108 1055 2173 καί
1076 2108 1139 2173 τῶν
1160 2104 1230 2192 ἰδίᾳ
1259 2103 1325 2170 καὶ

186 2221 340 2296 πάντων
360 2217 452 2292 οὗτοι
472 2212 674 2311 φαυλότατοι
683 2220 737 2287 καί
747 2211 964 2311 πονηρότατοι
980 2211 1136 2306 γεγόνασι.
1158 2223 1242 2309 Lege
1255 2218 1325 2305 ἰδίᾳ

187 2333 369 2407 ἁπάντων
389 2329 482 2404 οὗτοι
501 2330 564 2399 net.
586 2336 692 2401 Codex
714 2337 744 2400 Ω
766 2337 849 2401 solus
872 2331 928 2398 καί
947 2336 1074 2400 omittit.

234 2464 245 2537 t
269 2458 354 2520 217:
378 2447 535 2536 κρίσιν-
555 2440 714 2537 προσήκει
735 2454 882 2516 ποιεῖν.
903 2451 973 2515 Imo
997 2454 1221 2516 ποιεῖσθαι.

232 2584 244 2656 ᾗ
268 2573 306 2636 27
312 2571 332 2635 0
355 2571 551 2654 expungatur
574 2562 776 2649 γραμματεῦ.

234 2914 375 2977 Connus
401 2925 579 2980 nurrrunrn

232 3040 244 3113 t
268 3032 328 3091 28:
366 3014 479 3086 οὐκοῦν
509 3015 542 3083 oi
577 3014 634 3099 μὲν
662 3010 784 3080 ε’λάττιο
815 3011 996 3101 κεκτημένοι
1024 3014 1083 3079 τοῦ
1112 3009 1325 3100 τριηραρχίας

186 3135 262 3221 άξια
283 3135 367 3223 ἔχειν
387 3136 418 3201 ἐν
438 3139 510 3208 ταῖς
531 3130 703 3220 εἰσφοραῖς
724 3127 931 3192 συντελοῦσιν
951 3123 999 3201 εἰς
1024 3120 1080 3191 τόν
1106 3116 1264 3205 πόλεμον,
1294 3120 1327 3186 οἱ

184 3248 214 3319 δ’
224 3242 445 3340 ἐφικνούμενοι
454 3245 514 3311 τοῦ
526 3245 733 3332 τριηραρχεῖν
750 3237 798 3314 είς
818 3230 1028 3326 άμφάτερα
1047 3232 1121 3317 ὑμῖν
1141 3227 1326 3322 ὑπάρξουσι

186 3356 348 3455 χρήσιμοι.
379 3362 464 3435 Quid
500 3360 560 3424 sibi
591 3357 667 3421 velit
698 3354 782 3419 istud
818 3343 993 3439 άμῳὸτερα
1026 3351 1074 3414 vel
1109 3348 1325 3414 hebetissimns

185 3482 314 3566 quisque
326 3481 430 3544 statim
443 3475 612 3561 intelligit,
637 3493 735 3556 neque
758 3470 859 3556 igitur
885 3489 961 3552 opus
985 3473 1031 3531 est
1054 3467 1324 3552 interpretamento

186 3594 252 3660 καί
271 3592 530 3680 τριηραρχεῖν
550 3583 616 3650 καί
636 3580 852 3672 εἰσφέρειν,
874 3583 956 3666 quod
969 3587 1039 3668 post
1062 3570 1216 3667 χρήσιμοι
1238 3577 1326 3641 addi·

190 3710 297 3775 turin
322 3707 380 3771 MS
404 3710 435 3769 et
459 3699 657 3767 aditionibus.

234 3827 300 3901 §31
315 3819 530 3886 scribendum:
553 3809 604 3878 ὅτι
625 3808 770 3895 πλείςῳ
801 3802 988 3877 άπάντων
1019 3798 1207 3896 άνθριάπονν
1234 3798 1327 3893 ἡμεῖς

190 3932 366 4019 ἐπεισάκτῳ
389 3931 470 4015 σίτῳ
491 3919 663 4016 χρώμεθα.
687 3926 808 4014 Vulgo:
835 3919 886 3989 ὅτι
904 3921 1055 4006 πλείςῳ
1076 3923 1151 3985 τοῖν
1170 3908 1328 3984 πάντων

190 4036 377 4136 άνθρώπιον
400 4041 463 4108 κτέ.
484 4045 530 4109 cf.
556 4043 592 4106 de
616 4043 727 4108 Coron.
750 4047 763 4119 t
787 4045 847 4106 st:
870 4031 955 4122 ὀρῶν
976 4026 1006 4100 δ’
1026 4027 1077 4099 ὅτι
1097 4031 1178 4116 σίτῳ
1200 4019 1328 4094 πάντων

190 4150 375 4244 ἀνθρώπων
402 4156 524 4241 πλείςῳ
557 4145 706 4244 χρώμεθ’
736 4144 927 4234 ἐπεισάκτῳ.
963 4150 1002 4213 In
1030 4146 1214 4232 quibusdam
1238 4141 1326 4206 codd.

191 4264 342 4338 ἁπάντων
363 4278 516 4337 servatum
541 4275 595 4334 est.

236 4394 246 4467 t
262 4390 322 4452 141
338 4412 344 4451 ι
365 4386 495 4470 πρῶτον
514 4377 680 4465 piraniana
699 4379 763 4445 enin
782 4367 934 4442 ἁπάντων
953 4363 1139 4460 ἀνθρώπων
1160 4366 1223 4432 ε’πί
1246 4369 1328 4440 τοῖς
