3024 5264
823 465 864 525 66

290 638 411 722 egregie
429 637 563 718 fallitur3
591 662 659 704 nam
682 641 792 723 μολεῖν
814 637 891 702 solis
910 640 1039 724 tragicis
1063 640 1165 705 dicere
1186 641 1306 706 licebat.
1331 640 1420 706 Hine

290 751 380 814 simul
400 761 524 838 apparet
543 759 687 840 corrupta
706 772 770 818 esse
794 752 941 818 vocabula
962 745 1091 835 βούλετ’
1109 746 1305 844 ἀνθρώπων,
1329 778 1421 842 prop-

288 871 371 931 terea
404 869 487 952 quod
523 869 727 957 diphtongum
759 892 792 932 αι
819 867 932 932 elidere
955 872 1062 954 poetae
1085 871 1200 956 tragici
1223 893 1286 935 non
1309 869 1421 936 solent.

288 981 443 1047 Erfurdtii
476 986 653 1049 coniectura
687 973 829 1063 ἐβούλετ’
861 983 928 1046 iure
954 982 1100 1068 explosa,
1124 985 1299 1072 Wagnerus
1320 986 1421 1051 multo

288 1096 397 1161 melius
413 1089 564 1176 βούλεται
585 1100 712 1186 βροτῶν
729 1094 839 1176 μολεῖν
860 1097 1056 1161 scribendum
1073 1120 1140 1162 esse
1155 1102 1339 1186 suspicatur.
1350 1101 1420 1188 Ego

289 1213 321 1276 in
356 1214 661 1278 ΒΟΥΛΕΤΑΝΩΝ
693 1211 796 1275 εἰδετε
828 1212 903 1277 mihi
936 1213 1041 1277 videor
1070 1217 1421 1282 ΒΟΥΛΕΤΑΙΝΕΩΝ

290 1330 309 1390 i.
332 1350 357 1390 e.
378 1315 545 1405 βούλεται
566 1319 658 1387 νέων
677 1322 794 1405 μολεῖν.

332 1788 450 1849 Anton.
467 1780 584 1846 Meliss.
597 1783 627 1842 et
641 1779 768 1844 Maxim.
780 1781 814 1845 in
826 1782 872 1845 ed.
884 1780 970 1847 Steb.
985 1802 1002 1845 a
1016 1785 1113 1859 1609,
1127 1782 1222 1846 Serui.
1234 1780 1422 1858 CXLVIII,

290 1924 318 1986 p.
344 1903 417 1976 εει,
444 1902 500 1961 14:

443 2003 485 2075 lo
504 2011 574 2083 τοῖς
594 2003 870 2083 nanciscereris
891 2008 1012 2097 φίλους
1033 2000 1229 2096 εὐεργετεῖν·

443 2114 520 2186 ὅταν
541 2113 602 2207 γαρ
624 2110 643 2207 ἡ
664 2110 743 2207 τύχη
765 2119 871 2195 καλαῖς
889 2120 987 2204 διδοῖ,
1008 2119 1041 2186 rt
1064 2115 1126 2208 χρὴ
1146 2119 1266 2207 φίλους

335 2234 536 2320 Recipieudis
567 2232 616 2296 his
646 2233 785 2298 versibus
816 2236 898 2299 iuter
927 2236 1063 2299 incertas
1090 2234 1251 2321 Euripidis
1274 2235 1421 2321 reliquias

291 2350 432 2437 probavit
464 2348 639 2436 Wagnerus
671 2371 703 2413 se
734 2355 804 2414 ante
834 2359 1011 2436 susceptum
1038 2349 1150 2415 edendi
1173 2351 1332 2436 negotium
1356 2373 1421 2415 non

290 2465 530 2554 diligentissime
558 2463 650 2528 huius
685 2466 797 2551 tragici
832 2463 955 2529 fabulas
988 2464 1163 2550 perlegisse.
1193 2466 1321 2553 Inspice
1344 2464 1421 2530 mibi

292 2587 449 2659 Orestem,
489 2579 542 2644 ubi
579 2602 623 2644 vs.
659 2580 723 2646 665
759 2602 824 2664 sqq.
859 2579 1139 2666 Agamemnonides
1171 2580 1218 2644 sic
1252 2580 1424 2666 alloquitur

291 2698 480 2764 Menelaum:

392 2801 549 2894 -Ἐρεῖς
571 2799 745 2872 α’δὺνατον·
767 2798 846 2872 αὐτό
867 2809 980 2872 τοῦτο·
1001 2800 1080 2881 τούς
1100 2806 1221 2894 φίλους

458 2920 489 2982 ἔν
510 2923 580 2992 τοῖς
598 2923 706 2993 κακοῖς
728 2911 790 3006 χρὴ
811 2923 880 2993 τοῖς
902 2917 1048 3006 φίλοισιν
1069 2910 1223 3008 ὠφελεῖν,

458 3027 535 3100 ὅταν
554 3023 585 3096 δ’
605 3023 622 3096 ὁ
645 3029 769 3113 δαίμων
790 3020 826 3096 εὖ
850 3032 931 3115 διδοῖ
949 3029 983 3096 τί
1002 3032 1054 3096 δεῖ
1074 3029 1195 3117 φίλτρα

461 3138 554 3232 ἀρκεῖ
571 3137 632 3228 γαρ
653 3135 750 3216 αι’τός
770 3133 787 3207 ὁ
813 3136 894 3216 θεαῖς
913 3136 1053 3231 ω’φελεῖν
1073 3140 1182 3208 θέλων.

339 3263 411 3325 Non
433 3259 603 3335 dubitabis,
621 3259 747 3343 opinor,
768 3278 886 3322 mecum
910 3263 1045 3322 statuere
1067 3277 1172 3321 versus
1196 3277 1263 3320 esse
1282 3257 1423 3334 eosdem,

293 3376 448 3462 sed-apud
468 3373 633 3440 Stobaeum
655 3375 700 3436 ita
724 3373 854 3458 pessime
875 3377 1038 3458 corruptos
1062 3391 1128 3435 esse
1150 3373 1182 3435 et
1203 3371 1423 3457 interpolatos,

294 3496 330 3556 ut
361 3513 460 3576 neque
494 3498 623 3555 metrum
658 3488 717 3552 sibi
751 3494 889 3568 constet,
913 3509 1012 3573 neque
1034 3487 1203 3552 Graecitas.
1232 3474 1278 3553 Εὖ
1298 3477 1425 3553 διδόναι

294 3610 418 3672 fortuna
440 3606 611 3670 rectissime
629 3603 760 3682 dicitur;
783 3601 890 3676 καλοῖς
911 3593 1036 3667 διδόναι
1049 3601 1078 3664 h.
1092 3623 1115 3666 s.
1131 3603 1317 3666 Graecorum
1334 3622 1424 3665 nemo

295 3722 397 3787 dicere
423 3720 650 3808 potuitQuod
675 3716 815 3782 adhunc
840 3715 1009 3780 scribarum
1036 3717 1069 3781 in
1101 3713 1235 3782 Stobaeo
1264 3714 1423 3780 licentiam

295 3838 407 3902 attinet
429 3838 555 3902 omnino
579 3836 692 3910 confer,
711 3855 787 3917 quae
808 3831 943 3897 Cobetus
963 3854 1058 3917 nuper
1082 3831 1253 3917 disputavit
1275 3832 1309 3895 in
1333 3829 1424 3894 Mne·

296 3976 369 4016 mos.
394 3953 464 4017 Vol.
488 3952 555 4029 IX,
582 3974 611 4036 p.
637 3949 799 4033 rso-2148.
821 3947 982 4012 Praeterea
1005 3946 1080 4010 hine
1103 3951 1227 4034 apparet
1251 3967 1339 4032 saepe
1362 3967 1425 4008 non

296 4071 433 4156 integros
457 4071 562 4132 afferre
584 4066 669 4129 locos
693 4063 858 4129 Stobaeum
883 4062 936 4146 (cf.
960 4063 1045 4127 Stob.
1069 4061 1237 4140 XXXIV,
1261 4062 1307 4146 2).

789 4291 938 4302 ..συ-υ...-
