3024 5264
643 469 685 533 43

77 633 293 728 ἡσσώμενος,
321 640 575 725 quemadmodum
607 647 690 706 recte
714 641 865 726 seriptum
902 642 1043 708 invenies
1073 665 1100 707 v.
1136 664 1162 707 c.
1186 643 1219 708 in

77 761 287 821 Aeurrroms
318 755 387 820 loco
416 778 453 819 ex
478 757 597 821 incerto
622 757 758 820 dramate
781 755 863 843 apud
884 757 1083 822 Aristotelem
1114 758 1219 825 uthis.

77 870 213 935 liudem.
237 871 308 949 ΙΠ,
342 873 360 934 l
392 895 421 957 p.
455 871 559 948 1230,
594 873 611 936 1
641 871 759 938 Banu:

242 983 364 1050 osana
384 985 512 1071 βροτῶν
530 977 592 1071 yde
614 985 673 1051 τοῦ
694 991 805 1052 πονεῖν
823 975 1046 1072 ἡσσώμενοι

241 1099 352 1160 θανεῖν
371 1091 495 1183 ἐρῶσιν.

576 1302 725 1314 *-

127 1448 216 1514 ssob.
241 1448 344 1527 VHI,
370 1450 408 1523 1;
433 1437 615 1536 Εὐριπίδου
638 1439 930 1538 Βελλερφόντῃ·

241 1556 331 1628 δόλοι
352 1558 388 1626 δὲ
409 1562 462 1624 καὶ
483 1554 629 1625 saonensi
648 1552 860 1649 μηχανήματα

238 1671 351 1761 χρείας
371 1662 563 1758 ἀνάνδρου
584 1662 733 1759 φάρμαχ’
752 1664 886 1760 εὕρηται
905 1675 1049 1760 βροτοῖς.

126 1785 362 1850 substantivum
403 1780 517 1870 χρείας
553 1784 668 1848 iniuria
713 1790 890 1872 suspectum
926 1785 1017 1850 habet
1052 1786 1219 1852 Nauckius

82 1902 137 1988 (fr.
161 1904 257 1986 290),
280 1923 349 1964 uam
373 1900 545 1964 rectissime
566 1900 630 1964 deli
652 1908 682 1964 et
705 1902 903 1965 clandestina
917 1901 1049 1967 consilia
1070 1906 1220 1967 vocantur

79 2018 282 2081 medicamina
303 2016 517 2091 necessitatis,
549 2014 603 2079 sed
625 2016 692 2079 iure
716 2016 852 2092 mireris,
873 2038 928 2081 cur
951 2013 1047 2101 χρεία
1070 2017 1155 2082 dicta
1177 2016 1220 2080 sit

80 2123 241 2216 ἄνανδρος
264 2153 281 2194 a
299 2138 398 2216 poeta.
421 2130 473 2194 Ne
485 2129 597 2194 multa:
615 2130 779 2217 Euripides
799 2123 939 2218 ἄνανδρα
957 2137 1048 2195 vocet
1071 2130 1219 2195 eiusmodi

79 2241 287 2309 medicamina
309 2246 329 2309 i.
353 2267 377 2309 e.
398 2247 466 2309 aira
492 2247 630 2328 indiana.
653 2245 853 2332 Reposuerim
877 2245 996 2332 igitur:

239 2357 352 2443 χρείας
372 2348 542 2445 ἄνανδροι
562 2347 711 2445 φάρμαχ’
732 2351 866 2446 εὕρηται
885 2361 1028 2445 βροτοῖς.

80 2470 191 2534 Possis
211 2492 331 2556 quoque
353 2493 444 2535 sensu
466 2471 612 2535 nonnihil
636 2471 777 2536 diversor
832 2473 834 2477 ’

293 2621 418 2635 —-—
440 2575 649 2672 ἀνάνδροις
670 2623 796 2636 ---
816 2585 959 2671 βρσιοῖς.

80 2699 102 2761 i.
129 2718 153 2762 e.
177 2698 527 2782 iunonis-nortatibus.

129 3060 316 3126 criticorum
340 3056 535 3148 diligentiam
556 3058 716 3146 hueusque
740 3061 885 3149 effugisse
904 3062 1028 3128 videtur
1053 3064 1218 3129 absurdum

82 3176 209 3251 vitium,
234 3196 294 3262 quo
316 3175 489 3242 maculatus
511 3181 558 3240 est
581 3174 677 3254 locus,
705 3178 883 3263 ceteroquin
906 3178 982 3243 satis
1008 3179 1180 3266 expeditus,
1202 3202 1220 3244 e

80 3292 324 3376 Bellerophonte
344 3291 425 3378 apud
450 3291 616 3356 Stobaeum
640 3288 692 3369 X,
715 3292 754 3356 7:

237 3395 290 3479 Ὡς
310 3399 456 3493 ἔμφυτος
476 3401 534 3486 μὲν
555 3403 655 3469 πᾶσιν
674 3394 865 3492 ἀνθρώποις
885 3395 979 3494 udan·

241 3509 312 3595 ὃςις
332 3513 368 3581 δὲ
389 3516 577 3581 πλεῖστον
596 3511 719 3598 μισθὸν
738 3514 786 3590 εἰς
807 3519 919 3604 χεῖρας
938 3511 1047 3601 λαβών

240 3622 336 3703 κακὸς
357 3628 498 3715 γένηται,
520 3627 606 3712 τῷδε
627 3619 795 3716 συγγνώμη
815 3625 874 3712 μὲν
893 3620 946 3710 od,

240 3739 345 3806 πλείω
366 3740 402 3805 δε
423 3734 547 3824 μισθόν
564 3739 714 3825 μείζονος
732 3731 854 3828 τόλμης
875 3734 957 3824 ἔχων

241 3845 297 3917 uda
314 3852 380 3916 euin
398 3843 564 3940 ψεγόνιιον
586 3851 665 3939 ῥᾷον
684 3844 724 3915 ἂν
744 3849 845 3939 φέροι
866 3841 968 3937 λόγον.

131 3963 295 4050 Ipsaenim
311 3967 612 4052 ratiooppositorum
634 3968 718 4030 vad
741 3986 805 4050 sqq.
825 3965 1000 4031 luculenter
1022 3967 1221 4048 demonstrat,

83 4096 143 4166 pro
174 4078 327 4143 nisteron
350 4082 465 4165 requiri
487 4081 589 4167 ipsum
622 4083 821 4147 eontrarium.
857 4081 929 4146 Hoc
963 4081 1065 4170 igitur
1095 4083 1221 4150 nomine

82 4195 286 4282 probabiliter
310 4198 493 4261 correxeris:

234 4301 305 4388 ὃςις
325 4307 362 4374 δὲ
384 4310 533 4396 παῦρον
552 4302 674 4393 μισθὸν
695 4307 743 4384 είς
763 4313 874 4395 χεῖρας
894 4305 1002 4394 λαβών
1023 4311 1086 4378 nni.

132 4421 192 4486 Sed
201 4427 363 4508 praeterea,
374 4423 447 4506 quia
459 4445 549 4486 causa
561 4423 702 4489 redditur
714 4425 901 4489 sententiae:
913 4423 1015 4489 πᾶσιν
1030 4413 1221 4510 σἀβρώποις
