3024 5264
849 453 910 514 luc

361 617 417 686 Vs.
440 626 523 686 8102
544 620 644 703 θέμις
670 611 713 701 δ’,
741 615 816 686 ἐπεί
844 645 901 704 μοι
927 615 983 709 τήν
1008 622 1105 706 θέμιν
1133 618 1174 690 cei
1201 615 1442 712 προῦβαλες.

316 731 399 798 Fort.
422 725 683 822 ντροῦσελεῖς,
706 738 743 799 ut
759 754 817 815 μοι
841 735 884 799 sit
907 735 977 800 Dat.
1002 736 1131 803 ethicus.
1152 739 1186 803 Si
1204 742 1312 804 contra
1335 761 1443 804 sanum

315 854 363 911 est
384 837 595 932 προῦβαλες,
616 867 677 911 non
703 847 779 912 mole
803 847 985 916 Wunderus
1010 852 1048 915 ci.
1067 841 1135 936 τήν
1156 846 1254 940 iper-‚-
1278 853 1338 917 nisi
1360 855 1443 939 quod

316 967 348 1026 et
367 961 467 1025 lenius
489 963 519 1023 et
542 959 651 1026 melius
675 965 866 1029 correxeris:
888 955 991 1052 τήνδ’
1012 959 1105 1053 ἔριν.

361 1076 420 1143 Vs.
437 1080 515 1140 869:
537 1063 623 1161 τήνδ’
642 1070 689 1149 ὠς
707 1067 835 1165 ἀήθης
854 1075 909 1141 καὶ
928 1075 1190 1166 ουνωφροωμένη
1210 1075 1273 1144 nvi.
1293 1077 1443 1144 Wunder.

315 1181 425 1280 ἀηδής.
454 1191 488 1255 Si
510 1190 555 1254 its
575 1190 701 1276 scripsit
729 1189 913 1278 Sophocles,
948 1189 1022 1257 huic
1058 1190 1207 1256 vocabulo
1239 1214 1352 1257 novam
1384 1195 1443 1259 tri-

315 1305 418 1370 buisse
441 1303 638 1391 significandi
651 1310 832 1391 potestatem
856 1306 1012 1393 putandus
1036 1312 1091 1371 est.
1115 1306 1201 1372 Solet
1223 1307 1303 1372 onim
1325 1299 1442 1396 ἀηδής,

314 1427 464 1505 quantum
475 1419 617 1504 equidem
639 1421 779 1498 memini,
791 1443 910 1506 semper
929 1426 960 1486 ct
972 1421 1086 1506 ubique
1097 1420 1135 1485 ab
1147 1421 1375 1506 antiquioribus
1387 1420 1444 1485 ud·

315 1536 412 1601 hiberi
444 1516 482 1600 de
512 1535 552 1599 iis
564 1533 655 1600 rebus
678 1537 870 1621 personisve,
893 1559 971 1623 quac
988 1536 1165 1625 fastidium
1186 1543 1280 1622 atque
1297 1556 1443 1600 τανοιονι

314 1651 532 1727 subsererent,
555 1672 704 1734 nusquam
729 1656 838 1716 contra
857 1651 1033 1738 significare
1044 1652 1155 1716 tristis.
1170 1648 1229 1716 ut
1240 1673 1311 1717 vero
1322 1646 1443 1736 Sopho·

316 1765 377 1830 oles
389 1770 420 1830 et
430 1766 463 1829 in
477 1765 548 1830 aliis
571 1767 669 1831 audax
688 1772 837 1846 novator,
856 1771 887 1831 et
898 1769 931 1831 in
949 1767 1063 1853 Oedipi
1079 1767 1176 1853 Regis
1197 1789 1241 1832 vs.
1263 1766 1306 1832 82
1325 1768 1443 1851 praeter

315 1880 569 1945 consuetudinem
591 1873 669 1968 ἡδύν
689 1881 779 1957 dixit,
791 1903 880 1966 quem
904 1881 957 1946 alii
979 1869 1120 1968 φαιδρὸν
1131 1903 1154 1945 ε.
1171 1870 1317 1967 εὔφρονα
1332 1900 1444 1943 vocare

314 1994 434 2073 solent,
459 2017 592 2080 ususque
613 2001 660 2060 est
682 2018 717 2060 ea
739 2017 814 2061 voce
837 1997 874 2061 de
897 1998 980 2061 laeto
1003 1996 1132 2074 τοιούτω
1154 1996 1199 2059 ita
1218 1999 1254 2058 ut
1287 1991 1368 2057 nihil
1391 1993 1442 2071 sit,

314 2110 398 2195 quod
414 2109 579 2190 miremur,
602 2111 628 2174 si
653 2112 771 2176 tristem
792 2115 933 2177 cuntium
954 2111 1024 2176 loeo
1044 2117 1151 2175 nostro
1172 2109 1329 2173 vocaverit
1349 2101 1443 2195 αήδῆ.

313 2226 387 2312 Ipse
399 2226 604 2312 cogitaveram
617 2226 655 2290 de
665 2226 843 2312 reponendo
862 2215 990 2319 ἆγηθὴς
1009 2247 1032 2290 ε.
1054 2213 1202 2313 ἀγαθὴς;
1221 2222 1291 2299 sed,
1302 2221 1443 2309 quumvis

314 2329 521 2426 πολυνηθής,
560 2330 703 2429 reiparte
736 2347 766 2407 et
800 2331 982 2428 ειῖγοῖθρτος
1016 2340 1144 2428 tragicis
1177 2339 1302 2403 minime
1334 2337 1443 2425 ignota

315 2451 393 2527 sint,
413 2439 541 2536 οἷγαθής
561 2454 644 2517 omni
670 2455 855 2522 destitutum
877 2463 924 2520 est
948 2455 1141 2520 auctoritate.

359 2563 416 2632 Vs.
435 2566 518 2628 878:
551 2557 679 2633 Tciiucv’
710 2561 886 2656 ὀλεθρία
915 2566 976 2634 τίνι
1005 2558 1119 2656 τρόπῳ
1141 2567 1253 2630 θανεῖν
1272 2582 1341 2653 σφε
1357 2551 1439 2652 φῄς,

313 2681 383 2746 Iam
403 2677 476 2743 alibi
489 2678 581 2744 docui
600 2682 794 2749 scribendum
814 2704 895 2747 esse:
910 2670 1030 2747 τάλαιν’
1051 2675 1225 2765 ὀλέθρου
1245 2673 1308 2742 τίνι
1325 2665 1441 2763 τρόπῳ

279 2781 281 2785 ’
314 2792 376 2858 xvi.
400 2794 420 2856 i.
441 2815 465 2856 e.
488 2817 545 2879 quo
569 2819 677 2884 periere
704 2800 819 2864 mortis.

360 2908 418 2972 Vs.
444 2911 528 2974 925:
550 2901 619 2975 ider
637 2903 693 2977 τόν
714 2903 813 3000 αὐτῆς
833 2906 976 2987 πέπλον,
999 2895 1040 2990 [ᾦ
1058 2894 1261 2994 χροοὴλατος

555 3014 730 3108 προῦκειτο
748 3023 857 3105 porois
877 3016 1022 3107 περονίς]
1046 3017 1080 3080 ἐκ
1099 3008 1129 3083 δ’
1151 3007 1309 3082 ἒλώπισεν
1329 3009 1392 3077 uvi.

316 3135 439 3213 Verba,
470 3158 547 3221 quse
567 3137 691 3201 uncinis
715 3137 812 3224 sepsi,
844 3136 869 3200 si
891 3136 955 3198 sint
978 3131 1167 3218 Sophoclea,
1198 3130 1301 3195 minus
1323 3130 1444 3192 rectea

316 3259 405 3338 poete
424 3251 531 3316 addita
554 3274 635 3332 esse,
654 3254 722 3318 iure
744 3250 922 3318 contendas.

360 3365 418 3432 Vs.
437 3367 519 3432 943:
857 3354 934 3428 ὥστ’
957 3361 989 3427 εἴ
1006 3380 1057 3434 τις
1076 3349 1135 3425 driu

534 3470 555 3567 ἢ
575 3476 641 3546 καί
659 3501 695 3544 τι
715 3475 850 3550 πλείους
868 3466 991 3564 ἡμέρας
1009 3470 1181 3558 λογίζεται.

316 3593 413 3680 Lege:
436 3586 458 3681 ἢ
476 3584 565 3658 κᾶτι
584 3590 719 3664 πλείους
738 3587 801 3654 nrt.

361 3709 417 3772 Vs.
440 3711 524 3771 958:
678 3695 722 3789 μῆ
742 3695 908 3788 ταρβαλὲα
928 3687 1063 3778 θάνοιμι

657 3812 775 3894 μοῦνον
796 3800 950 3876 εἰσιδοῦσ’
970 3798 1074 3895 ἄφαρ.

317 3934 427 4000 Verte:
457 3953 495 3995 ιιι
516 3929 580 3993 solo
603 3929 750 4010 adspectu
777 3924 926 3990 Herculis
955 3927 1078 4004 repente
1109 3920 1222 3983 moriar
1246 3938 1325 4002 prce
1352 3920 1444 3978 metu.

318 4051 448 4116 Frustra
468 4048 606 4109 tentatur
624 4042 714 4107 locus
735 4040 926 4106 sanissimus.

361 4165 417 4229 Vs.
445 4165 526 4226 969:
679 4152 713 4220 τί
734 4145 808 4241 χρῆ,
832 4139 1012 4217 θανόντα
1033 4172 1079 4212 νιν
1100 4138 1120 4233 ἢ
1141 4136 1217 4210 καθ’

679 4259 781 4330 ὕπνον
800 4255 879 4330 ὄντα
899 4264 1021 4351 κρῖναι;

317 4393 368 4456 Ito
394 4387 487 4467 libri3
525 4403 602 4468 quae
628 4379 722 4444 lectio
755 4399 824 4444 cum
860 4381 957 4441 metro
990 4374 1216 4447 adversaretur,
1243 4375 1365 4455 recepta
1397 4373 1444 4433 est
