3024 5264
630 1463 818 1534 cnPUr
853 1466 883 1535 Ι.

212 1725 487 1774 onnnnvn'rrom
503 1724 660 1774 ermen
677 1724 717 1772 IN
731 1724 882 1780 ALIQUOT
899 1722 1068 1772 Anecflrnr
1083 1724 1299 1772 rnrerrrrffl.

229 2160 326 2227 Metti
348 2159 470 2250 legibus
492 2166 534 2228 nt·
551 2160 732 2241 satisfieret,
762 2183 812 2228 vr.
836 2159 887 2226 dd.
912 2159 1095 2226 sententiam
1121 2157 1323 2247 perdiderunt

182 2277 349 2367 fragmenti
360 2275 529 2365 Aeschylei
541 2300 579 2344 ex
591 2278 712 2343 Edonis
724 2300 771 2364 ep.
783 2277 929 2344 Strabon.
953 2277 985 2344 X
1007 2301 1036 2366 p.
1053 2279 1117 2343 470
1136 2276 1324 2344 scribenteez

592 2383 728 2477 Ψαλμὸς
751 2383 781 2458 δ’
799 2381 963 2473 ἀλαλάζει·

440 2492 690 2594 ταυρόφθογγοι
710 2496 741 2571 δ’
757 2496 983 2590 ὑπομυκῶνναι

442 2621 547 2684 ποθεν
564 2613 599 2698 ἐξ
619 2607 765 2707 ἀφανοῦς
784 2615 927 2706 φοβεροὶ
946 2619 1055 2701 μῖμον,

443 2718 620 2796 τυπάνου
643 2720 674 2795 δ’
693 2720 809 2796 εἰκών
830 2719 912 2795 ὥσθ’
927 2722 1090 2816 δπογαίον

442 2841 582 2931 βροντῆς
602 2837 741 2932 φέρεται
759 2831 981 2932 peperceritis.

233 2955 509 3043 dtmpaciimaco,
532 2960 569 3022 ut
600 2959 726 3022 vertunt
748 2956 880 3034 Latine,
904 2959 936 3020 et
961 2942 1107 3019 τνπᾶνον
1132 2940 1224 3018 εἰκών
1248 2949 1325 3036 quid

184 3073 230 3138 rei
254 3073 297 3138 sit
313 3071 389 3138 mihi
412 3094 507 3159 neque
522 3071 687 3138 obscurum
703 3077 759 3138 eet.
783 3071 822 3139 In
837 3071 1018 3136 coddteste
1040 3065 1188 3134 Nauckio
1210 3065 1327 3155 legitur

185 3187 234 3255 rel
264 3181 360 3274 εἰχιδν
388 3188 459 3276 (sic)
491 3186 541 3255 vel
569 3176 661 3276 ἠχώ,
687 3210 815 3276 querum
840 3187 1012 3254 lectionum
1023 3184 1099 3250 haec
1114 3205 1148 3250 es
1170 3183 1238 3270 ipse
1260 3187 1326 3262 est,

184 3329 264 3394 qnae
290 3306 468 3393 requiritur.
491 3305 694 3394 scripserim:

435 3411 538 3508 χῶσδ
556 3411 717 3506 circnyclcv
742 3417 881 3509 βροντῆς
898 3406 1049 3484 τυπάνων

434 3528 504 3625 η’χνδ
524 3532 662 3624 φέρεται
681 3522 901 3622 βαρυὲαρβὴς.

229 3649 324 3724 Quod
344 3648 492 3739 vulgatur
512 3643 606 3714 εἰκών
625 3647 737 3716 infelix
759 3656 806 3714 eet
830 3645 945 3713 Ncekii
969 3645 1158 3710 coniectura.

230 4024 284 4091 Ad
305 4024 453 4112 Aeschyli
476 4027 617 4113 Phrygiae
640 4028 715 4090 eunt
736 4024 791 4109 qni
815 4024 946 4088 fortasse
968 4043 1031 4086 non
1056 4019 1172 4085 iniuria
1194 4018 1328 4085 referent

125 4132 128 4137 ⁵
184 4163 319 4223 versum,
344 4165 434 4229 quem
459 4142 559 4209 edidit
575 4143 739 4208 Cremerae
762 4141 795 4204 in
818 4139 937 4206 Anecd.
962 4136 1021 4203 vol.
1045 4138 1080 4217 Ι,
1102 4159 1132 4224 p.
1157 4138 1239 4202 119:

320 4259 413 4324 neca
431 4249 493 4347 γδρ
519 4255 622 4347 Τροία
642 4255 839 4345 δέδορκεν
852 4248 1001 4341 Ἕκτορος
1020 4242 1117 4340 τύχης
1138 4248 1216 4317 διἀι.

231 4371 339 4442 Hodie
371 4397 427 4467 pro
448 4369 600 4463 δέδορκεν
629 4373 724 4438 scribi
755 4369 835 4436 solet
867 4366 1025 4436 δέδουπεν
1055 4390 1072 4433 e
1111 4363 1267 4432 Welekeri
1296 4365 1328 4429 et

1173 4499 1190 4554 1
