3024 5264
185 534 206 580 Χ
636 530 871 580 venemo.

182 710 220 756 rc
248 677 400 756 οἱπδνιων
430 681 636 778 ὠφελούσαις
665 681 720 776 τῆν
748 679 844 756 πόλιν
864 677 978 770 μόναις
1003 685 1066 754 tri.
1100 685 1141 752 In
1173 709 1220 753 vs.
1252 683 1322 749 614

183 813 355 892 suspectam
380 805 477 872 habeo
499 808 625 870 formam
649 805 821 894 σεληναίας
851 827 907 890 pro
936 797 1081 894 σελήνης.
1115 803 1202 869 Num
1238 805 1323 868 forte

183 921 260 1008 φώς
280 921 491 1009 σεληναῖον
510 912 606 988 auida
627 921 821 985 scribendum
841 921 908 984 est?
931 920 985 984 Vs.
1011 923 1073 985 721
1100 921 1169 985 ride
1193 943 1232 984 an
1269 942 1322 984 ac·

183 1035 338 1118 quiescere
360 1038 460 1123 possis
483 1039 516 1101 in
544 1036 786 1102 Scholiastarum
809 1037 1063 1120 interpretatione
1097 1035 1322 1101 vocabulorum

183 1153 371 1237 φρουρᾶς
390 1146 487 1236 ᾄδων.
509 1153 565 1216 Sin
590 1155 708 1229 minus,
738 1154 868 1216 fortasse
898 1151 955 1215 tibi
979 1152 1126 1216 arridebit
1148 1175 1213 1215 mea
1245 1173 1324 1215 con-

184 1263 302 1328 iectura
326 1258 513 1358 φρούδας
532 1266 627 1354 ᾅδων.
649 1269 771 1333 Certius
795 1275 841 1332 est
855 1291 897 1331 vs.
911 1269 975 1332 745
989 1268 1198 1354 reponendum
1215 1289 1300 1332 esse:

587 1426 669 1523 κρίσιν
688 1429 744 1524 τήν
765 1426 889 1523 γνώμην
910 1425 1009 1499 πάλιν

389 1544 517 1634 κίνησον
537 1537 637 1623 αὖθις
659 1537 706 1613 αὖ
726 1570 768 1612 τε
789 1547 842 1611 κοιλ
864 1538 1090 1634 ζυγώθρισον,

184 1728 237 1795 ubi
264 1730 381 1819 legitur
403 1728 510 1806 αυίδ.
535 1737 591 1802 Vs.
616 1739 701 1802 1127
725 1737 806 1811 erit,
841 1737 894 1822 qui
931 1758 1048 1801 mecum
1072 1735 1240 1820 praeferat:
1266 1729 1325 1803 udin

183 1837 270 1934 ycipp
292 1840 367 1914 ποτ’
386 1842 501 1938 ηιλσδς
523 1845 543 1938 ἢ
569 1853 634 1916 cciv
663 1852 817 1936 ξυγγενῶν
848 1874 909 1925 τις
938 1844 959 1937 ἢ
989 1849 1104 1938 φίλιον.
1138 1850 1195 1917 Vs.
1234 1853 1322 1917 1169

184 1983 381 2027 numerorum
405 1968 483 2030 ratio
511 1968 636 2039 suadet,
670 1973 705 2029 nt
737 1964 837 2029 deleto
859 1967 1131 2052 interpretamento
1162 1963 1219 2035 τδν
1252 1959 1324 2033 υἱόν

184 2079 387 2145 rescribatur:
398 2073 501 2148 ι’ίπιδί
512 2094 588 2164 (νυν)
610 2073 726 2162 λαβών.
751 2079 973 2144 Difficultatern
985 2083 1229 2167 grammaticam,
1243 2103 1325 2167 quae

184 2196 295 2279 premit
320 2197 508 2262 Vasraann
532 2219 575 2260 vs.
600 2198 687 2272 126,
711 2195 801 2259 facile
823 2196 993 2260 removebis
1018 2196 1203 2261 scribendo:

340 2379 490 2446 ἐντεῦθεν
513 2369 593 2464 (οὖν)
615 2374 633 2446 δ
653 2378 721 2462 μὲν
743 2371 844 2445 οὐκέτ’
864 2372 961 2446 orizon
981 2379 1162 2470 ἑξέφρει,

341 2487 360 2560 ὁ
381 2485 411 2558 δ’
432 2491 649 2581 ἐξεδίδρασκε.

187 2670 324 2758 Vulgata
342 2668 606 2757 ἐξεφρείομεν
626 2665 718 2754 (qnae
739 2669 836 2732 forma
858 2675 904 2732 est
925 2668 1030 2753 nihili)
1049 2669 1200 2753 originem
1213 2667 1326 2736 debere

185 2789 307 2854 videtur
319 2784 495 2850 huiusmodi
504 2786 674 2871 scripturae
685 2783 852 2847 εένιεῦδεν
873 2771 930 2847 οὖν
945 2773 1155 2847 ου’κέιάιῗτδν
1175 2779 1325 2870 ε’ἓὲφρει,

186 2903 351 2989 adscriptis
378 2902 411 2964 in
436 2900 572 2985 margine
596 2920 688 2983 prope
712 2897 892 2961 vocabulum
914 2893 1048 2984 ἐξέφρει
1069 2894 1190 2960 voculis
1214 2888 1233 2958 ὁ
1256 2897 1327 2985 μέν,

186 3042 264 3104 quae
275 3018 419 3083 librarius
431 3037 530 3080 errore
542 3016 695 3078 omiserat.
708 3013 770 3085 Qui
784 3034 882 3089 error,
896 3017 930 3075 ut
943 3010 1026 3074 vides
1038 3060 1046 3088 ,
1060 3032 1175 3074 novum
1189 3034 1326 3078 errorem

186 3137 312 3223 peperit.
346 3135 514 3217 Postquam
537 3130 618 3194 enim
638 3123 656 3195 ὁ
678 3128 737 3214 μὲν
758 3127 836 3191 male
860 3150 929 3191 cnm
953 3124 1085 3214 ἐξὲφρει
1106 3126 1282 3206 coaluerat,
1311 3153 1328 3193 a

186 3256 373 3326 correctore,
395 3249 523 3334 opinor,
546 3244 673 3330 expulsa
693 3250 739 3307 est
763 3243 873 3308 vocula
897 3230 968 3321 οὖν,
989 3241 1102 3325 qnippe
1125 3263 1204 3325 quae
1225 3251 1327 3309 metro

186 3368 406 3432 adversaretur.
436 3361 551 3427 Facilis
581 3381 702 3445 qnoque
726 3359 876 3422 medicina
900 3363 1004 3443 parata
1027 3364 1073 3419 est
1091 3378 1134 3419 vs.
1158 3357 1245 3433 470,
1271 3361 1327 3442 qni

186 3485 232 3548 sic
267 3480 479 3569 corrigendus,
511 3485 546 3541 ut
569 3475 709 3561 legatur:
733 3467 805 3536 c'btr'
832 3464 925 3545 ὅπως
955 3465 1000 3535 δν
1034 3469 1073 3535 ἐκ
1111 3472 1179 3557 (pro
1214 3464 1327 3557 ἄνευ)

186 3587 292 3684 μάχης
314 3632 352 3642 -
372 3591 406 3668 ἐς
433 3582 549 3676 λόγους
576 3585 783 3667 ἔλθοιμεν,
808 3585 846 3649 cl.
871 3609 913 3651 vs.
937 3585 1018 3649 866:
1042 3578 1091 3650 ὅτι
1111 3583 1268 3668 γενναίως
1290 3582 1330 3649 ἐκ

185 3710 245 3776 σοῦ
266 3705 412 3788 πολέμου
434 3703 488 3766 καὶ
509 3703 568 3766 τοῦ
586 3698 708 3772 νείκους
728 3694 907 3788 ξυνεβήτην,
930 3700 986 3765 Vs.
1014 3699 1075 3764 161
1101 3697 1205 3763 Pacis
1225 3700 1328 3786 scrip-

188 3825 294 3890 serim:
318 3812 440 3908 ὀρθήν
459 3817 528 3903 (pro
540 3803 657 3900 δρῧδς)
676 3801 774 3897 χώρει
797 3805 876 3885 Διδς
898 3811 947 3886 εἰς
967 3804 1088 3895 αὐλάς,
1103 3813 1141 3877 ol.
1154 3818 1216 3880 Av.
1231 3837 1274 3878 vs.
1294 3814 1328 3878 1:

188 3930 313 4026 ὀρθὴν
331 3923 473 4005 κελεύεις
494 3928 587 4011 (ἰέναι
609 3925 692 4011 soil.)
715 3932 745 3987 et
768 3925 881 3990 ibidem
906 3951 949 3991 vs.
977 3928 1054 3993 165:
1079 3919 1220 4002 οἷοολείς
1240 3920 1321 3994 cirro-

187 4055 270 4132 λεῖς,
292 4051 405 4116 omisso
430 4045 617 4132 pronomine.
649 4042 703 4103 Vs.
737 4043 799 4104 193
825 4048 988 4108 contextus
1016 4046 1069 4108 vix
1097 4045 1216 4130 patitur
1241 4048 1330 4119 πῶς

187 4160 326 4258 ἦλθες,
362 4184 454 4248 quare
485 4160 555 4224 vide
582 4181 619 4221 an
650 4158 729 4221 forte
752 4155 846 4220 lateat
868 4145 918 4228 ιδς
938 4148 1016 4243 ἡδέ’
1038 4151 1093 4235 (εδ
1114 4156 1195 4243 κρεά
1218 4157 1328 4244 scil.)?

188 4272 243 4333 VS·
269 4284 330 4346 197
356 4280 463 4364 utique
486 4272 764 4360 transponendum:
786 4272 928 4357 φροῦδοι
954 4262 1015 4358 γάρ
1047 4268 1173 4347 εἰσιν,
1207 4266 1332 4352 ἐχθὲς

188 4392 404 4483 ἐξῳκισμένοι.
436 4393 491 4456 Vs.
527 4394 591 4455 300
627 4389 783 4474 suspicor:
816 4384 870 4447 νῦν
897 4375 959 4470 γὰρ
990 4377 1064 4468 ἡμῖν
1094 4370 1141 4447 αὖ
1172 4372 1333 4452 σπάσαι
