3024 5264
750 445 791 504 39

226 619 289 682 Sic
311 639 437 702 quoque
458 639 505 702 alu
527 618 612 682 stou.
635 614 711 679 ibid.
737 617 771 678 7:

371 720 472 803 πόνος
490 720 567 817 γὰρ,
588 719 635 802 ὠς
654 725 814 813 λέγουσιν,
839 724 1022 804 εὐκλείας
1042 720 1150 818 πατὴρ

181 847 215 907 et
238 841 335 908 Stob.
358 841 424 920 LI,
447 847 486 908 7:

546 951 597 1028 τίς
617 943 647 1019 d’
665 947 808 1036 ἇμοχθος
827 943 976 1041 &dui-ud&

229 1068 419 1133 Promiseue
451 1073 551 1133 autem
587 1089 656 1133 eum
680 1064 739 1130 hoe
762 1066 958 1132 substantivo
989 1066 1116 1132 adhibet
1143 1068 1324 1134 vocabulum

183 1182 332 1268 pedestri
351 1184 500 1248 orationis
521 1182 679 1270 proprium
708 1169 855 1262 εὐδοξία,
879 1205 907 1249 v.
931 1205 957 1247 ο.
981 1204 1019 1268 ap
1042 1182 1129 1249 Stub.
1152 1183 1216 1263 LI,
1249 1186 1325 1250 diu
1450 1210 1453 1215 ·

184 1299 351 1364 Archelao
375 1321 417 1363 vs.
440 1305 460 1362 2
484 1319 545 1383 uq.:

403 1403 511 1487 οὐδεὶς
530 1402 591 1500 yda
615 1401 660 1473 dv
680 1400 827 1496 ῥᾴθυμος
848 1401 1005 1498 εὐκλεής
1024 1399 1102 1498 daria

401 1514 471 1588 ἀλλ’
492 1521 526 1590 οἰ
546 1514 640 1590 πόνοι
662 1520 806 1587 τίκτουσι
824 1518 877 1610 τὴν
900 1513 1096 1601 εὐδοξίαν.

234 1637 352 1705 liutem
381 1643 482 1703 tamen
510 1660 558 1703 me
580 1637 833 1705 subdubitantem
859 1658 955 1701 meam
980 1636 1180 1720 Nuuekiique
1204 1636 1327 1701 coniec-

188 1762 296 1818 turam
322 1754 407 1836 sequi
430 1752 589 1831 maluisse,
614 1758 645 1817 et
669 1759 792 1840 propter
817 1773 961 1838 maguam
981 1751 1214 1827 auctoritatem,
1235 1771 1327 1836 quam

188 1867 289 1932 habet
313 1868 392 1954 apud
416 1890 463 1932 me
483 1869 605 1956 egregia
628 1869 718 1934 crisis
745 1867 925 1944 Cobetiamu
950 1871 981 1930 et
1003 1865 1043 1932 ob
1066 1887 1183 1945 meam,
1207 1866 1232 1931 si
1257 1888 1327 1931 uum

187 1983 252 2047 illo
275 2005 324 2046 me
347 2005 536 2068 comparem,
559 1984 753 2069 imperitiam.
792 1983 892 2049 Nolui
916 2005 987 2047 vero
1017 1982 1201 2047 sententiam
1232 2003 1327 2048 meam

188 2099 324 2162 reticere
347 2120 460 2163 memor
491 2100 659 2184 praecepti,
686 2097 768 2184 quod
801 2098 833 2161 in
866 2096 982 2162 scholis
1014 2097 1080 2182 ipse
1111 2098 1160 2162 vir
1190 2119 1328 2163 summus

191 2212 358 2299 discipulis
381 2213 471 2278 uobis
495 2215 566 2279 dare
588 2214 722 2292 uolebat,
753 2213 868 2278 numiui
894 2221 1003 2278 temere
1027 2235 1092 2276 ease
1113 2213 1304 2277 credendum.

685 2357 841 2373 Ι*

241 2456 376 2521 Pessime
410 2455 609 2544 depravatum
643 2462 690 2522 est
731 2457 880 2523 Archelai
910 2457 1062 2544 particula
1100 2457 1181 2543 apud
1216 2457 1326 2523 Orion.

192 2569 325 2636 Authol.
351 2572 423 2649 ΙΙΙ,
449 2576 466 2635 l
498 2596 526 2659 p.
568 2575 612 2636 44
644 2572 691 2636 ed.
723 2571 868 2637 Schneid.

395 2681 426 2748 εἰ
443 2685 507 2749 τῶν
526 2683 657 2751 δικαίων
676 2679 738 2773 γάρ
759 2675 871 2768 νόμοι
890 2676 919 2750 τ’
938 2676 1140 2773 ου’ξὴματα

391 2775 515 2882 Ινέγοὶλα
535 2795 693 2884 φέρουσι,
714 2787 820 2860 πάντα
840 2787 870 2862 δ’
886 2786 1075 2882 οἷνθρώποις

393 2899 464 2973 τάδ’
483 2906 531 2987 ἐςι
550 2898 695 2995 χρήματ’,
717 2899 755 2994 ἢν
774 2929 824 2981 τις
844 2899 963 2993 adelada}
985 2898 1069 2973 θεόν.

243 3022 406 3086 Nauckius
431 3045 448 3086 e
470 3022 647 3085 coniectura
670 3043 724 3085 sua
744 3020 860 3085 edidit:

344 3127 402 3198 οὐν
419 3135 467 3218 τῷ
487 3132 600 3218 δικαίῳ
622 3126 684 3221 γὰρ
704 3129 794 3215 νόμον
815 3125 843 3219 γ’
861 3123 1029 3220 αὐξὴματα

343 3236 465 3330 μεγάλα
484 3243 626 3332 φέρουσι
645 3235 737 3308 πάντ’
755 3242 788 3309 ἐν
806 3234 1052 3332 himinum*
1071 3242 1134 3311 κνὲ.

198 3362 232 3425 in
265 3382 324 3443 qua
366 3360 519 3444 scriptura
552 3364 669 3444 praeter
705 3357 765 3421 alia
797 3358 908 3423 vitiosa
938 3363 985 3423 est
1022 3358 1176 3445 particula
1200 3379 1236 3443 γε
1258 3363 1328 3445 post

199 3468 262 3562 γάρ
273 3475 367 3539 illata.
391 3475 512 3539 Labeus
524 3474 645 3538 scilicet
658 3480 786 3537 metrum
804 3472 902 3538 fulcro
918 3473 1021 3558 aliquo
1043 3475 1211 3562 indigebat·
1235 3474 1325 3547 Quod

198 3590 233 3652 iu
245 3589 333 3654 libris
345 3595 392 3655 est
410 3585 438 3652 τ’
452 3591 647 3653 sanissimum
666 3600 726 3665 est,
747 3588 837 3652 modo
860 3589 1013 3655 saribatur
1032 3579 1232 3676 τούξήμανα,
1246 3589 1328 3673 quod

201 3705 342 3769 viderunt
353 3703 604 3769 Schneidewiuus
617 3705 806 3782 Meinekius‚
818 3703 886 3782 alii,
901 3727 1030 3789 quorum
1044 3705 1235 3773 coniecturas
1258 3705 1329 3770 vide

201 3821 280 3904 apud
305 3819 494 3905 Wagnerum
524 3820 572 3903 (fr.
601 3821 689 3905 256).
716 3821 816 3883 Nemo
842 3826 945 3886 tamen
967 3821 1120 3897 omnium,
1154 3819 1234 3904 quod
1260 3821 1328 3885 iure

200 3937 332 4011 miraris,
356 3935 572 3999 animadvertit
599 3924 691 4016 νόμοι
711 3936 882 3999 sententiae
903 3935 1076 4000 subiectum
1107 3935 1232 4000 omnino
1263 3957 1328 3999 esse

200 4073 260 4115 non
277 4073 372 4136 posse.
395 4053 461 4114 Aut
483 4051 546 4113 iam
569 4051 673 4114 omnia
696 4073 743 4113 me
766 4049 891 4127 fallunt,
913 4058 966 4115 aut
989 4073 1043 4136 pro
1065 4055 1213 4119 NOM01
1234 4051 1327 4117 leuis-

200 4166 276 4230 sima
307 4166 476 4231 mutatione
497 4164 705 4251 reponendum
728 4169 775 4228 est
795 4167 943 4234 ΔΟΜΟΙ
962 4170 992 4230 et
1015 4166 1228 4237 scribendum:

397 4276 444 4346 Oi
463 4279 527 4359 aeia
547 4277 677 4344 δικαίων
696 4270 758 4364 γάρ
779 4267 897 4360 δόμοι
916 4271 1124 4367 οοινῗξήμανα

395 4384 519 4477 μεγάλα
540 4390 698 4479 φέρουσιν
719 4391 751 4467 (i.
775 4414 800 4455 e.
823 4388 906 4475 μέγα
927 4384 1088 4470 αὔξονται)
1109 4389 1172 4456 aad.
