3024 5264
836 445 899 506 182

308 616 414 681 barum
433 617 607 682 erroribus:
632 623 668 682 ut
691 616 783 681 verbo
801 616 915 694 dicam,
938 615 1067 681 abiectis
1079 615 1221 681 omnibus
1237 615 1327 694 istis,
1355 637 1435 700 qnae

304 730 442 818 ignorari
473 755 563 816 quam
588 734 662 797 sciri
688 732 800 797 utilius
827 754 893 796 esse
912 731 979 794 iure
1006 729 1129 795 dixeris.
1163 732 1197 794 Si
1231 732 1302 816 quis
1333 738 1434 797 autem

304 854 407 932 postea
431 847 587 912 Pollucem
607 848 745 912 editurus
777 848 952 912 accuratius
982 845 1042 909 hoc
1068 846 1272 932 fragmentum
1302 847 1436 912 Ambro-

303 965 424 1028 sianum
453 987 633 1050 pernoscere
667 963 898 1050 concupiverit,
936 960 1044 1026 lubens
1067 961 1095 1025 ei
1125 962 1276 1048 integram
1299 964 1435 1050 scriptu·

303 1100 404 1143 rarum
429 1079 667 1165 discrepantiam
687 1080 805 1166 petenti
826 1077 1000 1144 concedam.

315 1333 316 1336 ¹
351 1308 383 1393 3)
410 1310 563 1394 Superant
592 1310 666 1374 lolia
702 1311 744 1375 38
765 1315 796 1374 et
819 1333 889 1396 pars
914 1310 1041 1374 dimidia
1063 1311 1192 1397 paginae
1213 1311 1326 1385 unius,
1359 1333 1437 1395 quae

305 1424 480 1489 continent:
506 1418 737 1508 wooroloyaadv
755 1424 814 1512 τῆς
834 1422 1015 1512 ἐξαημὲρου
1036 1414 1269 1510 ἄνεπίγραφον.
1290 1426 1344 1489 Sic
1355 1426 1435 1490 enim

305 1538 487 1604 inscribitur
511 1539 643 1603 historio
659 1538 808 1623 quaedam
830 1539 1009 1615 nataralia,
1032 1559 1108 1623 opus
1121 1537 1282 1602 conditum
1296 1562 1312 1602 a
1328 1539 1436 1604 Chris-

304 1656 390 1718 tiano
401 1654 532 1739 quodam
546 1653 670 1718 homine
678 1651 864 1738 (Epiphanio
872 1653 903 1738 l)
916 1675 951 1717 eo
962 1651 1103 1728 consili0,
1116 1658 1151 1716 ut
1162 1654 1358 1718 traditionem
1370 1656 1435 1720 He-

306 1771 438 1834 braicam
457 1769 490 1832 in
508 1769 658 1833 Genesios
679 1768 832 1853 principio
849 1767 886 1832 de
903 1767 1106 1832 fabricatione
1130 1767 1236 1831 mundi
1254 1768 1434 1835 illustraret.

307 1886 460 1970 Deinceps
484 1891 584 1949 autem
604 1885 670 1970 agit
694 1884 730 1946 de
746 1882 964 1970 phenomenis,
988 1882 1025 1945 de
1036 1881 1165 1968 plantis,
1190 1881 1227 1946 de
1242 1876 1436 1949 animalibus.

304 2001 453 2064 Initium:
479 1989 610 2085 Κλήμης
627 1996 685 2080 μὲν
702 1985 758 2061 οὖν
778 1994 831 2060 καὶ
849 1986 1052 2088 Ἀφρικανός.
1072 1997 1175 2060 Finis:
1193 1995 1437 2080 ἐστοχασμένως

302 2111 481 2193 βλέποντος
504 2112 646 2176 εἴσεισιν.
668 2109 759 2181 Quod
783 2109 982 2194 opuseulum,
1005 2112 1032 2174 si
1055 2113 1133 2176 forte
1156 2112 1290 2175 nondum
1318 2110 1435 2175 editum

306 2231 372 2302 est,
397 2226 514 2312 publici
538 2227 615 2290 iuris
639 2248 695 2311 ego
718 2227 856 2289 facturus
876 2247 952 2289 sum.

351 2345 391 2407 In
416 2344 544 2426 antiquo
566 2341 688 2418 indice,
723 2343 776 2426 qui
811 2341 951 2427 ligamini
975 2340 1136 2420 adhaeret,
1162 2364 1253 2406 manu
1273 2342 1363 2428 primi
1388 2341 1435 2406 bi-

309 2457 501 2523 bliothecarii
528 2457 624 2521 codex
647 2456 697 2520 his
721 2457 821 2521 verbis
842 2457 1046 2521 describitur:
1073 2459 1172 2522 Oodea
1188 2458 1320 2541 optimae
1344 2464 1435 2520 uotae

306 2577 455 2639 sescentis
477 2575 587 2638 abdiae
609 2575 701 2636 onais
723 2574 866 2656 scriptus,
897 2573 1024 2636 Poraatc'
1046 2584 1159 2656 emptas
1186 2597 1214 2637 c.
1240 2575 1335 2636 1606.

351 2689 487 2775 Paginae
521 2689 662 2775 singulae
696 2688 810 2752 habent
840 2709 945 2752 versus
977 2692 1036 2764 21,
1063 2686 1219 2753 literarum
1252 2708 1378 2751 numero
1401 2686 1434 2748 in

307 2805 440 2892 singulis
465 2804 601 2869 versibus
621 2805 757 2867 variante
779 2803 860 2867 inter
883 2807 923 2867 23
944 2811 974 2867 et
1000 2807 1051 2868 27.
