3024 5264
734 433 794 494 191

411 612 454 662 m.
474 615 548 665 sem.
965 632 1024 683 cm.
1043 633 1126 685 Amr.

194 703 323 778 §ml
345 695 509 796 εἷίσσορος
785 709 951 809 εἷῖσπορος
970 716 1195 814 (δρώσιμος)

309 822 328 880 2
346 818 480 884 δικαία
783 828 1072 927 πλουσιεστάτη
1093 839 1167 931 (sic)

309 959 326 988 ν
344 929 399 995 ἐπὶ
420 929 457 995 δὲ
477 931 535 1019 τῆς
556 931 700 1012 ἐναντίας
779 936 817 1007 εδ
839 940 867 1008 δ
889 939 1027 1013 ἒνοίνειον
1047 945 1153 1029 οὕτως

307 1053 326 1111 5
343 1038 539 1135 δυσηροιος
785 1047 931 1145 δυσάρω
939 1083 996 1134 τος

308 1189 325 1220 ι
343 1161 460 1250 φελλίς
784 1159 910 1256 οἷφελὴς

193 1277 303 1354 9228,
340 1269 473 1356 εὕξολα,
498 1266 663 1363 εἰῖδενδρα,
681 1298 741 1340 πο-
784 1273 808 1362 η“
827 1272 945 1360 εὕξολα
964 1277 985 1372 ἢ
1006 1321 1044 1332 -
1065 1279 1086 1374 ἢ
1109 1329 1146 1342 -
1167 1283 1186 1377 ἢ
1208 1282 1306 1358 λάσια

384 1379 561 1474 λίιδενδρα,
582 1380 680 1455 λάσια

192 1503 292 1589 5229,
306 1507 327 1565 4
343 1495 739 1590 οἱδὲποιηταίκαίάδίαν-
779 1496 928 1570 οἷδίανοον
948 1497 1043 1583 άνθος
1069 1508 1123 1574 καὶ
1143 1502 1328 1601 άμάρανθον

381 1604 437 1679 τόν
456 1606 596 1689 τιάνθος
610 1615 739 1681 καλοῦσι
823 1616 878 1684 καί
913 1611 1083 1686 λευκοίιον
1121 1621 1196 1714 (sio)
1235 1619 1328 1714 σαροῖ

381 1726 433 1790 καί
472 1718 654 1814 ἀμάραντον
684 1726 739 1794 καὶ
822 1734 891 1805 τοῖς
910 1738 1061 1821 ποιηταῖς

382 1834 526 1906 λευκόιον

303 1958 322 2016 6
341 1943 358 2018 ὁ
379 1953 434 2036 μὲν
456 1948 585 2022 πάντων
778 1949 889 2021 κοινὸ
896 1979 915 2031 ς
933 1956 991 2039 μὲν
1012 1949 1142 2024 πάντων

191 2069 320 2154 ρ244,1
340 2067 419 2154 περί
679 2096 681 2100 ·
779 2066 857 2156 περὶ
879 2069 911 2148 (δ
918 2067 945 2145 ε’)

304 2181 394 2249 3καὶ
416 2171 540 2269 ῥάβδος
560 2179 707 2269 φοίνικος
779 2179 832 2245 καὶ
855 2170 977 2266 ῥάβδος
999 2181 1146 2269 φοίνικος
1165 2181 1244 2256 (καί
1266 2178 1326 2272 ἔρ-

818 2297 897 2368 νος)
1337 2300 1342 2307 ’

190 2408 321 2484 ίίί45,1
338 2405 517 2495 δρέπανον,
540 2397 684 2493 δρεπάνη
773 2402 935 2491 δρέπανον
953 2404 1017 2469 καί
1037 2396 1182 2494 δρεπάνη

304 2517 451 2610 3σμμὺη
777 2512 902 2606 σμηλλα
922 2516 1003 2608 (sic).
1028 2520 1112 2585 Fors.
1134 2519 1246 2584 Pollux
1271 2520 1324 2585 de-

821 2631 884 2696 dit:
898 2623 1022 2718 σμινύη,
1033 2652 1080 2715 σμ
1090 2633 1103 2698 ί
1109 2632 1214 2718 ληθί.
1227 2637 1323 2701 Arist.

820 2746 943 2812 Thesm.
966 2770 1009 2810 vs.
1033 2749 1107 2812 779.

188 2861 322 2939 §246ss
340 2859 536 2951 ἠμελημένον
556 2860 690 2950 χωρίον
774 2853 977 2949 ἠμελημένων
997 2862 1135 2948 χοιρίων

302 2979 320 3038 7
337 2979 449 3043 κνιδῶν
776 2965 891 3038 ὀνίδων

299 3095 319 3155 8
337 3090 405 3156 κονί
411 3091 474 3178 ζης
773 3080 937 3173 κονύζης,
975 3087 1227 3169 quemadmodum
1261 3088 1320 3152 iam

820 3201 992 3264 coniecerat
1001 3201 1151 3288 Heringa.

301 3343 318 3377 ν
336 3314 490 3383 κουνίδων
773 3311 904 3395 κνίδων,
927 3337 986 3399 qua
1009 3315 1141 3380 lectione
1164 3316 1322 3382 confirma·

818 3436 870 3494 tur
885 3430 1019 3495 eiusdem
1032 3432 1174 3516 suspicio,
1191 3431 1250 3498 hoo
1267 3456 1337 3498 v0··
1357 3456 1361 3463 ·

821 3545 963 3610 nabulum
987 3568 1052 3610 esse
1077 3550 1322 3635 expungendum.

819 3661 901 3725 Nam
935 3665 1049 3725 temere
1083 3685 1099 3724 e
1137 3666 1321 3751 praegressis

819 3777 981 3862 repetitum
1002 3798 1068 3840 esse
1090 3784 1222 3862 apparet.

182 3892 315 3977 §2425
332 3891 496 3980 κορίαννον
770 3888 959 3975 κορίανδρον
1003 3888 1078 3979 (sio)
1120 3882 1320 3978 (κυνάρια).

820 4005 922 4090 Lege:
944 3997 1065 4092 κυνάρα
1085 4007 1104 4070 i.
1122 4029 1146 4071 e.
1158 4007 1250 4070 rubus
1268 4029 1320 4070 οο·

816 4123 915 4184 ninus.

181 4234 547 4324 ςν48,1κεηχριοως
567 4227 666 4322 άρτος
773 4230 972 4319 καχρυδίας
993 4223 1090 4320 ἄρτος

330 4349 478 4437 κεγχρίας
498 4348 552 4413 καί
775 4349 845 4411 Οω.
