3024 5264
731 460 794 522 100

246 621 301 693 vs‘.
327 628 431 693 1³36:
665 618 810 716 μάκαρες
828 626 999 713 Πριάμου·

477 739 701 828 θεοτίμητος
722 737 752 806 δ’
770 734 874 807 οἴκαδ’
894 734 1002 808 ἱκάνει.

198 855 406 920 Numerorum
429 856 509 920 ratio
534 853 690 940 postulare
722 854 861 920 videtur:

468 956 657 1050 θεότιμος
676 958 706 1032 δ’
726 960 831 1033 οἴκαδ’
852 959 960 1034 ἱκάνει.

206 1069 208 1072 ’
242 1079 297 1145 Vs.
311 1080 411 1146 1347:
427 1072 508 1147 οῖλλοὶ
531 1068 756 1162 κοινωσώμεθ’
775 1070 923 1155 ἅ’νπως
951 1071 1087 1168 οἷσφαλῆ
1110 1072 1328 1168 βοολεώματα.

197 1194 352 1283 Vulgata,
382 1216 460 1280 quae
491 1193 619 1258 debetur
649 1191 829 1257 Hermanno
858 1213 914 1278 pro
944 1191 1095 1259 librorum
1124 1194 1259 1264 leotioue
1288 1191 1328 1268 ῖῖν

194 1329 287 1388 πως,
317 1310 370 1375 vix
387 1311 490 1374 minus
500 1308 632 1385 usioses,
643 1328 691 1373 me
712 1306 825 1386 indies,
849 1311 896 1371 est
918 1329 1009 1392 quem
1032 1308 1100 1375 illa.
1122 1311 1325 1401 scripserim:

195 1415 226 1487 oi.
247 1446 292 1504 κ.,
314 1418 473 1511 ἄνδρες,
494 1418 628 1510 ἀσφαλῆ
646 1417 710 1485 uni.

239 1535 294 1603 Vs.
306 1537 412 1603 1388:
433 1522 672 1600 οὕτω-πεσών
683 1538 737 1599 eut
752 1534 876 1621 spurius
891 1539 955 1612 est,
975 1540 1030 1600 aut
1045 1536 1182 1623 graviter
1197 1559 1325 1626 eorrup-

194 1658 254 1718 tus.
268 1650 427 1717 Vocabuio
439 1653 521 1715 oerte
531 1646 641 1734 θομὸν
650 1638 797 1737 ὁρμαίνει
807 1647 983 1734 significare
995 1671 1058 1717 non
1081 1674 1169 1739 posse
1191 1655 1325 1719 οκῖιιιοκι

194 1769 338 1853 aspirant
362 1766 410 1852 (ut
434 1765 590 1849 vertunt),
626 1763 678 1828 vix
703 1766 750 1827 est
784 1763 867 1849 quod
902 1786 1049 1831 moneam.
1081 1768 1255 1832 Offensioni
1277 1773 1327 1834 est

194 1903 284 1968 porro
322 1880 505 1969 languidum
540 1877 625 1944 istud
661 1866 771 1944 αὐτοῦ.
798 1878 903 1966 Magis
927 1886 1028 1946 eutem
1055 1881 1175 1947 inclino
1200 1884 1324 1949 ineam

193 2003 328 2085 purtem,
350 2006 387 2062 ut
409 2017 533 2061 versum
556 2014 815 2079 supervacaneum
838 1993 995 2081 Aeschylo
1018 1996 1201 2062 abiudioern.

237 2113 292 2179 Vs.
307 2116 391 2179 1421
405 2134 470 2197 sqq.
482 2108 678 2176 scribendum
690 2113 722 2172 et
733 2107 1013 2196 interpungendum
1027 2110 1059 2175 in
1076 2109 1160 2177 huno
1178 2113 1323 2179 modum:

697 2217 794 2305 Λέγω
815 2221 853 2285 σε
874 2242 928 2287 σοι

344 2323 466 2404 τοιοῦτ’
486 2324 645 2418 (οἷπειλεῖν
666 2324 712 2405 ὠς
731 2331 1073 2421 παρεσκευασμένη
1172 2344 1175 2348 ’

255 2472 258 2477 ·
344 2446 379 2514 ἐκ
395 2448 458 2513 τοῖν
479 2436 633 2528 ὁμοίων)·
655 2439 742 2531 χειρὶ
763 2433 918 2530 νικήσαντ’
938 2441 1019 2527 ἐμοῦ

344 2550 469 2648 ἄρχειν·
489 2549 543 2623 ἐών
557 2553 594 2622 δὲ
611 2545 793 2648 τοῦμπαλιν
815 2546 934 2643 κράνη
956 2550 1053 2640 θεός,

342 2660 458 2758 γνώσει
478 2667 649 2751 διδαχθείς
668 2658 736 2752 ὀψὲ
755 2665 833 2752 γοῦν
851 2659 892 2733 τό
914 2670 1105 2755 σωφρονεῖν.

234 2784 340 2873 Vulgo
375 2777 680 2871 παρεσκευασμένης
712 2784 744 2844 et
773 2776 895 2868 κραίνη.
929 2780 1137 2868 Distinguunt
1169 2781 1320 2849 editores:

187 2890 311 2966 τοιαῦτ’
341 2893 496 2976 ἀπειλεῖν,
513 2884 727 2980 οῖς-ἄρχειν·
749 2893 861 2978 ubsque
883 2917 984 2961 senso.

233 3012 289 3078 Vs.
314 3011 417 3076 1447:
745 3005 816 3088 ἐμοὶ
836 2999 1020 3096 δ’ἕπημανεν

386 3113 498 3209 ειῖνῆς
527 3108 759 3206 παροψώνημα
789 3121 846 3206 τῆς
873 3117 952 3206 ἐμῆς
979 3119 1099 3208 χλιδῆς.

189 3239 332 3304 Fortasse
355 3226 493 3306 εὔνοος
515 3233 675 3309 θακενοία,
710 3231 793 3317 quod
817 3254 887 3296 oum
922 3233 1029 3298 acerbe
1064 3235 1162 3300 ironis
1197 3234 1315 3300 dietum
1381 3261 1383 3266 ’

188 3352 365 3439 accipiatur.

232 3468 287 3534 Vs.
308 3469 410 3532 1479:
432 3461 466 3530 ἐκ
482 3459 542 3526 τοῦ
560 3455 620 3547 γὰρ
643 3454 726 3545 ἔρως
750 3455 980 3544 αἱματολοιχὸς

433 3572 555 3662 κείρει
575 3568 741 3658 τρέφεται.

187 3694 326 3782 Scaliger
339 3693 378 3758 ui.
400 3687 535 3767 νείκει,
553 3685 591 3748 ad
607 3705 732 3749 sensum
747 3683 870 3770 optime.
881 3664 964 3750 ¹Nou
981 3683 1070 3749 vuldo
1085 3684 1242 3751 diversum
1257 3692 1315 3766 est,

186 3809 267 3897 quod
280 3809 347 3897 ipse
366 3803 485 3872 oouieoi
508 3790 625 3887 δὴρει
646 3799 667 3864 i.
690 3820 714 3863 e.
737 3802 928 3864 contentione
950 3799 988 3865 ol.
1017 3802 1098 3878 9423
1120 3800 1212 3886 idque
1227 3823 1316 3887 prue-

185 3925 326 4000 tulerim‚
349 3920 421 4006 qnia
442 3915 584 4005 ignotius
607 3913 718 3980 soribis
742 3913 926 3992 vooubulnm
949 3914 1073 3981 ieoilius
1097 3918 1314 4004 corrumpitur.

228 4259 510 4323 Guorrnonnuon
548 4269 591 4309 νε.
626 4244 686 4309 19;
721 4229 852 4319 aizoni,
878 4233 937 4317 δός
957 4265 1001 4326 με
1029 4242 1189 4312 τίσασθαι
1212 4237 1314 4327 μόρον

184 4359 329 4457 πατρός,
348 4365 441 4451 γενοῦ
463 4358 499 4427 δέ
517 4349 685 4440 σύμμαχος
700 4353 826 4420 θέλων
847 4348 943 4435 ἐμοί.
