3024 5264
725 441 784 500 178

189 608 257 674 dem
270 610 422 696 sequitur:
433 607 486 674 ἵνα
504 598 549 696 μή
570 632 608 673 τι
628 598 776 676 πάθωσι.
800 613 897 696 §149
914 616 1006 676 extu:
1029 605 1066 677 δν
1085 603 1228 698 ἀκριβῶς
1247 605 1320 701 ᾔδει

186 724 262 788 τοῖν
293 715 414 788 όντων
444 711 631 807 ἀνθρώπων
661 713 849 810 ἐχθρότατοι
878 715 953 806 ὑμῖν
974 722 1181 807 διακείμενον.
1215 729 1317 814 Leges

186 823 367 902 ἁπάντων
388 821 585 920 ἀνθρώπων.
607 833 682 898 cod.
698 834 744 912 k.‚
760 858 818 902 om.
842 837 905 901 τῶν
926 831 1033 917 ὄντων,
1055 836 1197 904 exhibet:
1214 832 1319 906 ἆττόικ-

187 969 249 1011 των
269 936 471 1033 ἀνθρώπων,
493 945 566 1022 sed,
590 947 697 1013 addito
719 951 784 1015 eoin
804 942 913 1031 όντων,
942 949 1009 1014 ood.
1032 975 1062 1016 α.

234 1061 347 1124 Contra
373 1061 572 1127 Timocratem
595 1064 614 1147 δ
637 1068 693 1128 47:
723 1056 782 1128 euin
813 1060 862 1137 εἷς
887 1056 944 1128 τόν
971 1064 1074 1152 δῆμον
1105 1060 1208 1133 εἶπυίν
1239 1067 1318 1157 περὶ

184 1164 308 1241 τούτων
330 1169 437 1253 οὐδέν,
469 1171 506 1240 ἐν
525 1168 745 1263 παραβόςῳ
768 1217 808 1227 -
830 1164 973 1262 [λάθρα]
1004 1167 1103 1258 νόμον
1130 1171 1317 1267 εἰσήνεγκεν.

184 1287 374 1353 Adverbium
395 1287 478 1373 quod
501 1292 656 1375 expunxi,
688 1292 998 1375 interpretamentum
1030 1296 1077 1356 est
1100 1293 1250 1358 formulae
1287 1293 1319 1360 έν

184 1391 380 1488 παραβόςῳ.
414 1405 432 1488 p
468 1407 524 1468 48:
560 1394 672 1470 εἰδότα
696 1397 753 1469 τόν
777 1392 875 1485 νόμον
899 1394 937 1466 όν
960 1395 1138 1488 οίνέγνων.
1172 1410 1319 1496 corrige,

184 1515 295 1595 sodes,
317 1506 464 1603 ἆκέγνω
485 1517 568 1603 (soil.
592 1509 611 1584 ὁ
632 1506 867 1604 γραμματεύς),
890 1514 928 1578 cf·
952 1539 980 1580 v·
1005 1539 1030 1580 ο.
1047 1519 1065 1601 ὗ
1082 1523 1145 1586 51:
1168 1521 1319 1609 καὶπερὶ

183 1629 297 1709 τοῦδε,
320 1621 359 1695 δν
377 1632 432 1695 νῦν
453 1622 605 1717 α’νέγνω,
627 1629 786 1712 διελθεῖν,
819 1630 871 1694 ubi
895 1651 951 1715 pro
974 1629 1028 1694 νῦν
1057 1631 1162 1696 malim
1192 1622 1317 1719 νυνδή,

184 1752 215 1811 et
231 1745 249 1827 p
266 1746 325 1809 tr:
348 1733 464 1810 αὐτίκα
483 1736 545 1831 γοὶρ
568 1734 646 1807 καθ’
666 1741 780 1822 έκαςον
800 1732 1032 1828 αναγνοίοεταα
1055 1769 1124 1812 uam
1152 1749 1198 1812 sio
1221 1747 1318 1811 corri-

184 1857 319 1946 gendum
331 1879 447 1944 proeo‚
471 1856 553 1942 quod
577 1856 694 1942 insigni
718 1877 818 1920 errore
840 1855 997 1933 scribitur,
1016 1849 1201 1944 οίναγνώσει.
1224 1859 1317 1932 Quod

183 1975 227 2039 ibi
260 1974 401 2059 sequitur
434 1994 602 2058 pronomen
632 1967 726 2036 τουτί
766 1971 909 2036 vocabuli
941 1974 1187 2038 terminationem
1211 1974 1317 2038 absor-

184 2091 282 2176 psisee
304 2087 434 2152 videtur.
460 2086 508 2151 of.
525 2088 543 2170 p
561 2090 602 2150 48
627 2090 703 2150 extr.
727 2088 745 2170 p
768 2090 811 2150 65
835 2092 928 2151 extr:
955 2077 1143 2172 τόμοίόγηκε
1169 2079 1230 2174 γδρ
1254 2093 1318 2150 θα-

182 2200 268 2289 τέρῳ
291 2201 354 2290 [τῷ
375 2198 544 2289 προτέρῳ]
565 2190 653 2282 νόμῳ
675 2196 815 2264 ἐναντίον
833 2189 926 2264 τόνδε
951 2194 1061 2271 τιθείς
1081 2189 1210 2266 ἀδικεῖν.
1246 2200 1318 2272 Qun

185 2317 223 2382 de
240 2338 274 2382 re
291 2317 352 2379 iam
369 2315 487 2380 monuit
496 2313 680 2378 Dindorfius
695 2313 729 2377 iu
746 2313 793 2376 εδ.
805 2314 906 2378 Oxou.
924 2309 1011 2376 1846
1046 2315 1058 2390 t
1081 2312 1140 2376 ὅδε
1164 2305 1228 2378 ὅτι
1248 2309 1318 2396 μὲν

184 2428 317 2497 τοίνυν
334 2426 398 2494 καί
419 2418 526 2515 νταρδ
546 2416 714 2500 τούτους
735 2418 826 2500 τοδς
847 2415 993 2509 νόμους
1011 2422 1077 2488 καί
1098 2416 1205 2512 νεαροὶ
1225 2415 1318 2498 τούς

184 2535 499 2630 προειρημένους
517 2536 571 2604 καί
590 2539 709 2626 μικροῦ
733 2535 799 2604 δέω
830 2527 927 2627 τιαροί
952 2531 1075 2611 πάντας
1106 2533 1210 2602 εἰπεῖν
1238 2530 1317 2610 τοδς

185 2647 280 2729 όντας
299 2653 333 2718 έν
353 2653 394 2740 τῇ
413 2642 511 2717 πόλει
529 2647 659 2716 τέθεικε
688 2642 745 2717 τόν
771 2639 884 2733 νόμον,
924 2649 1038 2733 οἴομαι
1066 2647 1163 2736 δῆλον
1194 2639 1318 2712 διὀτασικ

183 2761 260 2852 ὑμῖν
281 2758 371 2833 εἶναι.
394 2766 487 2831 Ηεοο
514 2786 575 2830 rem
599 2786 661 2829 nou
685 2763 747 2830 ulia
769 2762 837 2852 lege
863 2763 978 2828 oratori
1001 2785 1101 2829 veram
1121 2783 1186 2826 esse
1206 2783 1316 2826 oenoe-

186 2881 255 2946 dam
274 2882 336 2946 nisi
357 2881 430 2960 huo,
459 2889 496 2946 ut
526 2881 687 2966 scripsisse
714 2903 783 2945 eum
809 2883 968 2966 putemus:
1002 2871 1063 2944 ὅτι
1093 2874 1159 2958 μέν
1186 2872 1317 2940 τοίνυν

184 2993 248 3060 καὶ
270 2987 378 3083 παροὶ
396 2994 534 3060 τοῦτον
562 2991 626 3058 καί
653 2987 762 3081 παρα
792 2986 883 3067 τούς
916 2986 1230 3077 προειρημένους
1258 2976 1317 3051 κό-

184 3129 285 3191 μους
304 3105 357 3171 καί
378 3105 496 3194 μικροῦ
518 3102 582 3172 δέω
604 3099 697 3194 ιταρεί
719 3096 842 3179 πάντας
867 3094 1068 3175 stramento
1087 3091 1183 3172 ὄντας
1213 3094 1246 3162 έν
1274 3095 1317 3183 τῇ

185 3208 284 3285 πόλει
303 3214 366 3285 κτέ.
389 3220 491 3284 Solam
504 3220 583 3283 enim
604 3219 707 3284 innuit
727 3242 793 3284 eam
808 3219 927 3304 legem,
950 3237 1027 3301 quae
1040 3216 1245 3296 memoraturp
1263 3209 1317 3276 64.

185 3331 284 3397 Verre
309 3332 454 3398 lectionis
476 3334 609 3421 vestigia
632 3357 767 3400 servasse
801 3333 890 3399 rideo
922 3331 989 3396 οοδ.
1021 3330 1108 3409 Y,in
1136 3349 1197 3412 quo
1216 3326 1316 3412 prima

185 3470 295 3513 munus
317 3449 420 3515 omisit
448 3449 598 3515 voeabula
617 3444 696 3524 τούς
716 3440 835 3532 νόμους
856 3453 926 3535 post
942 3436 1086 3517 τούτους.
1109 3441 1191 3506 Ibid.
1208 3442 1315 3516 §1312

185 3553 231 3649 μή
251 3560 358 3628 τοίνυν
378 3554 494 3630 αὐτοὶ
515 3554 733 3630 διδάσκετε
754 3554 836 3627 ἄλλα
856 3560 1072 3647 τιμωρεῖσθε,
1093 3553 1147 3620 καὶ
1165 3549 1211 3642 μη
1242 3552 1317 3618 ε’ἇτε

185 3668 382 3758 ἀγανακτεῖν,
421 3672 452 3740 εἰ
483 3666 680 3764 δεθήσονται
707 3669 835 3758 ἔχοντες
864 3667 906 3738 τοὶ
936 3664 1098 3755 ὑμέτερα,
1130 3659 1198 3732 ἀλλ’
1230 3655 1318 3751 ἄγετ’

186 3777 304 3861 αὐτοῦς
323 3780 390 3852 riori
411 3781 488 3862 τοδς
508 3779 638 3872 νόμους.
660 3790 693 3854 Si
716 3789 769 3854 hio
790 3789 880 3852 locus
905 3808 997 3851 sanus
1020 3788 1083 3859 est,
1117 3781 1198 3846 houd
1223 3778 1317 3844 dubie

186 3920 254 3963 eum
274 3901 403 3964 Reiskio
422 3906 492 3988 post
515 3893 610 3967 αὐτοὶ
631 3897 800 3968 διδάσκετε
822 3907 922 3966 mente
940 3899 1136 3986 repetendum
1150 3895 1316 3980 eeuperio·

186 4015 281 4094 ribus,
298 4009 378 4082 εἶναι
396 4007 567 4104 πονηρούς.
588 4018 632 4080 At
654 4017 681 4080 si
700 4017 728 4082 is
744 4040 850 4083 sensus
873 4022 939 4092 est,
967 4013 1129 4079 obscurius
1149 4009 1316 4075 eertehoeo

186 4130 345 4195 exuntiata
366 4151 432 4193 esse
448 4131 648 4196 confiteamur
674 4155 799 4198 necesse
820 4136 878 4196 est.
896 4105 977 4204 'mat
994 4149 1087 4213 quum
1107 4124 1315 4212 reponendum

187 4246 372 4332 suspicarer:
395 4237 440 4331 μη
460 4241 567 4309 τοίνυν
579 4235 702 4333 μάτην
723 4248 743 4312 δ
751 4237 978 4324 ιδοίσκεοθε,
1002 4233 1084 4306 ἀλλὰ
1104 4240 1317 4325 τιμωρεῖσθε,

188 4384 271 4425 nuno
291 4383 393 4425 verum
414 4381 478 4424 esse
501 4364 592 4443 puto:
608 4349 653 4443 μη
673 4356 779 4424 τοίνυν
801 4349 941 4431 αδτοδς
962 4341 1213 4429 οἶοτοδικοίζετ’
1233 4341 1317 4414 uuo
