3024 5264
823 431 885 495 134

288 621 358 665 rum
389 602 667 687 institutorumque
704 607 944 690 peregrinorum.
967 606 1146 694 Legendum
1171 609 1287 696 igitur:
1310 599 1416 680 ὅπως

288 705 409 797 μάλιςα
425 712 487 779 aui.
511 717 561 781 ita
585 717 707 782 demum
731 723 814 783 reete
833 720 988 804 sequitur:

495 867 535 876 -
554 820 625 894 τάδ’
648 826 720 917 ἡμῖν
740 825 1092 916 ἐκπονουμέναισιν
1115 826 1168 903 ed.

290 940 323 1003 Si
348 946 455 1005 eontra
479 942 634 1029 vulgatam
657 945 838 1023 retinueris,
867 945 916 1011 bis
938 947 1018 1011 idem
1043 950 1124 1016 dicet
1145 951 1262 1016 Medea.
1292 948 1418 1013 Dixerat

289 1056 369 1118 enim
392 1058 453 1120 iam
474 1081 516 1122 vs.
542 1063 626 1132 235:

487 1163 545 1236 κοῖν
565 1165 644 1257 rqid’
665 1163 751 1260 u’yuiu
770 1171 921 1260 μέγιςος,
944 1168 1078 1266 ἢκουον
1101 1178 1213 1260 λαβεῖν

611 1307 655 1349 ον.

290 1393 453 1477 Articulus
475 1305 610 1461 dinisiii
623 1395 799 1486 (ξυνευνέτῃ
820 1422 876 1486 pro
898 1401 948 1484 aqi
966 1400 1149 1490 ξυνευνέτῃ)
1171 1425 1233 1467 non
1254 1403 1352 1489 magis
1367 1400 1420 1464 hio

290 1512 488 1575 offensionem
513 1509 604 1576 habet
623 1513 657 1578 in
680 1523 769 1600 poeta
791 1517 912 1603 tragico
933 1501 1024 1600 qnam
1047 1540 1075 1581 v.
1096 1541 1122 1584 ο.
1142 1522 1205 1584 256
1220 1543 1226 1582 :
1243 1508 1422 1602 ὑβρίζομαι

291 1617 377 1709 πρὸς
398 1613 516 1711 ἀνδρός
538 1636 568 1690 et
585 1627 659 1694 alibi
682 1631 807 1716 passim.

282 1732 284 1739 ⁴
334 1737 389 1802 Vs.
413 1742 494 1803 264:
517 1732 595 1830 κακὴ
617 1733 647 1805 d’
668 1740 701 1818 ἐς
721 1733 817 1832 οἷλνήν
836 1741 900 1809 avt.
931 1747 994 1811 Pro
1023 1736 1052 1809 δ’
1073 1747 1141 1835 lege
1161 1736 1199 1825 τ’,
1233 1767 1301 1810 nam
1333 1763 1420 1829 prae·

290 1874 411 1940 gressae
433 1854 560 1920 voculae
579 1852 637 1938 μὲν
653 1859 818 1942 respondet
841 1848 871 1921 δ’
889 1884 934 1927 vs.
946 1861 1028 1927 266:
1047 1853 1124 1926 ὅταν
1143 1857 1171 1926 d⁰
1192 1857 1226 1934 ἐς
1247 1849 1339 1943 εὐνήν
1356 1851 1420 1919 aad.

335 1968 389 2033 Vs.
425 1973 506 2035 291:
537 1961 558 2058 ἢ
586 1968 844 2055 μαλθακισθὲνν’
872 1969 991 2063 ῧςερον
1019 1971 1115 2061 μέγα
1136 1970 1274 2052 ςένειν.
1309 1969 1421 2035 Malim

290 2078 534 2165 μεναςένειν,
557 2087 596 2151 ef.
616 2087 699 2151 Med.
722 2087 805 2168 9963
828 2088 943 2154 Aeseh.
965 2088 1055 2154 Eum.
1080 2093 1132 2153 59.

338 2195 392 2259 Va.
407 2198 489 2261 322:
508 2191 553 2285 μή
563 2193 679 2288 λόγους
693 2199 789 2289 λέγε.
813 2204 973 2270 Fortasse:
989 2199 1111 2268 πλὲκε
1131 2205 1151 2268 i.
1170 2224 1194 2266 e.
1213 2208 1300 2266 necte
1317 2197 1422 2286 legen·

294 2311 443 2377 domest.

338 2427 392 2492 Vs.
433 2433 518 2493 384:
560 2419 685 2514 δόμους
701 2423 948 2517 ὑπερβαίνουσα
969 2429 1024 2495 καὶ
1042 2426 1220 2515 τεχνωμένη
1262 2451 1322 2493 non
1359 2451 1422 2493 uno

292 2543 411 2607 indicio
434 2546 557 2631 spurius
575 2567 640 2609 esse
661 2544 812 2631 arguitur.

337 2659 392 2723 Vs.
426 2661 511 2724 408:
544 2661 615 2732 τοῖς
635 2655 829 2745 Σισνφείοις
848 2661 933 2732 τοῖς
956 2647 985 2722 ι’
1005 2646 1142 2731 Ἰιλσονος
1162 2646 1286 2743 γάμοις.
1319 2659 1422 2743 Lego:

293 2764 416 2838 τοῖσδ’
437 2766 570 2848 λάσονος
589 2770 652 2838 uui.
675 2770 837 2855 Sequitur:

496 2886 640 2972 γεγῶσαν
659 2883 783 2950 ἐσθλοῦ
802 2875 928 2971 πατρὸς
946 2876 1056 2950 Ἠλίου
1075 2876 1174 2964 aduro,

498 2993 690 3076 ἐπλςασαι
711 2994 769 3062 δὲ·
790 2988 878 3084 προς
897 2993 935 3060 δὲ
955 2992 1010 3060 καὶ
1030 2987 1224 3083 πεφύκαμεν

497 3112 642 3194 γυναῖκες
661 3105 725 3174 uui.

291 3223 451 3288 Coniioio:
476 3213 596 3286 ἔπειτ’
617 3211 810 3287 ἄνασσαν·
833 3211 920 3306 προς
940 3216 978 3283 δὲ
997 3215 1061 3282 aad.
1110 3282 1111 3286 ,

336 3338 391 3402 Vs.
414 3340 479 3402 602
500 3359 567 3422 sqq.
597 3337 702 3402 Iasoni
727 3332 861 3397 dicenti:
884 3320 965 3416 αὐτῆ
984 3318 1056 3394 τάδ’
1086 3328 1207 3418 (nempe
1229 3323 1285 3420 τήν
1303 3320 1422 3420 φυγήν)

291 3450 398 3518 εἵλου·
419 3450 518 3539 μηδὲν
538 3440 635 3515 ἄλλον
656 3447 751 3537 αἰτιῶ
762 3445 926 3532 respondet
939 3443 1064 3508 Medea:
1080 3441 1113 3509 τί
1133 3445 1264 3532 δρῶσα,·
1278 3443 1349 3525 μῶν
1362 3466 1425 3529 γα·

291 3564 421 3649 μοῦσα
440 3561 504 3627 καὶ
525 3554 698 3651 προδοῦσα
720 3563 918 3644 oepNubere
942 3559 1069 3626 Graecis
1090 3563 1136 3623 est
1155 3559 1336 3641 γαμεῖσθαι
1359 3581 1423 3624 non

293 3678 422 3762 γαμεῖν,
451 3683 482 3741 et
505 3676 582 3740 male
604 3677 747 3764 iungitur
769 3678 853 3743 Part.
876 3677 978 3743 Praes.
1002 3697 1072 3740 oum
1092 3672 1271 3739 Praeterito.
1304 3673 1423 3740 Tento:

293 3789 364 3871 μῶν
393 3781 552 3874 γάμοισι
579 3781 855 3878 καταπροδοῦσᾶ
894 3812 951 3873 σε,·
982 3789 1031 3856 vel
1059 3787 1130 3872 μοῑν
1154 3777 1317 3871 γάμοιοί
1345 3811 1425 3854 ιιου

295 3892 467 3990 προδοῦσα
488 3921 544 3985 σε,·
565 3903 585 3969 i.
605 3886 631 3968 e.
653 3927 725 3969 uum
743 3905 835 3990 forte
859 3907 947 3970 ιιουλο
970 3913 1001 3970 te
1031 3903 1153 3987 nuptiis
1176 3901 1334 3984 prodam?
1351 3901 1425 3986 (qua

295 4017 410 4081 iniuria
429 4023 465 4080 tu
484 4040 531 4081 me
553 4018 711 4106 afl'eoisti).

340 4132 396 4197 Vs.
417 4136 480 4198 779
501 4137 533 4197 et
551 4156 609 4220 sq.:
631 4125 985 4220 γάμους-ἐγνωσμένα.
1016 4133 1061 4199 Hi
1086 4133 1149 4198 duo
1170 4154 1247 4209 vsa,
1267 4132 1425 4196 metricam

293 4247 577 4334 interpretationem
599 4250 796 4314 continentes
819 4269 862 4312 vs.
882 4249 948 4312 778
969 4237 1139 4332 οἱς-ἔχει,
1169 4269 1230 4311 σοι
1248 4245 1345 4312 litura
1372 4245 1426 4310 de·

295 4363 387 4428 leudi.
412 4365 548 4430 Priorem
561 4364 668 4430 horum
685 4386 824 4430 versuum
838 4364 897 4428 iam
910 4361 964 4428 alii
982 4362 1120 4448 spurium
1140 4383 1204 4426 esse
1224 4365 1426 4448 agnoverunt.
