3024 5264
821 435 883 498 170

285 600 412 674 droco
434 600 597 696 άρχεσθαι
625 611 711 696 δοκῇ.
743 610 907 696 Leguntur
933 630 1041 695 nempe
1075 607 1187 692 hosed
1214 612 1276 684 78,
1307 608 1414 693 paucis

285 724 427 803 mutatis;
451 723 532 788 unde
550 723 623 787 olim
656 723 694 786 ad
716 722 931 789 illustrandam
956 723 1145 788 locutionem
1178 713 1308 786 άνωθεν
1340 721 1369 785 h.
1393 721 1414 784 l.

283 839 317 901 in
338 839 474 925 margine
496 839 651 925 adscripta
662 889 671 915 ,
684 861 771 916 mox,
796 841 840 904 uti
858 840 907 915 fit,
929 841 1029 904 textui
1044 862 1076 903 se
1091 841 1264 903 insinuasse
1277 837 1415 924 putanda

287 959 369 1017 sunt.
392 953 493 1051 Aliter
506 953 664 1019 Dobraeus
677 954 755 1019 Adv.
774 956 811 1032 I,
838 961 915 1041 part.
936 958 955 1021 2
980 978 1048 1042 pag.
1071 956 1144 1018 464.
1168 952 1365 1018 Dindorfium
1382 953 1414 1016 in

283 1068 420 1132 editione
442 1069 631 1145 Oxoniensi,
665 1075 816 1155 praeterea
852 1070 999 1136 vocabula
1027 1061 1154 1132 άνωθεν
1174 1064 1210 1131 δέ
1231 1069 1416 1154 expunxisse

283 1183 386 1261 video;
410 1184 520 1249 dubito
545 1207 617 1249 nuru
644 1192 727 1249 recte
749 1186 870 1265 fecerit;
897 1187 941 1250 ita
958 1187 1037 1250 enim
1058 1183 1307 1275 interpolationis
1326 1185 1415 1270 origo

284 1300 343 1363 erit
369 1299 536 1363 obscurior.

330 1417 348 1498 t
363 1417 443 1479 171:
466 1403 560 1494 άμεῖς
570 1406 633 1501 γάρ
646 1449 683 1460 -
695 1405 959 1502 ἐχειροτονήσατε
968 1415 1079 1478 τοῦτον
1091 1452 1127 1462 -
1144 1410 1337 1499 ἵππαρχον,
1349 1404 1418 1499 (ἐφ’

286 1528 425 1602 ἵππου)
448 1518 601 1608 ὀχεῖσθαι
633 1521 765 1600 (ἰδίου)
788 1526 807 1590 δ
813 1518 854 1590 ad
874 1526 933 1610 τῆς
953 1518 1075 1611 άγορᾶς
1097 1523 1152 1602 (ἐν)
1174 1528 1246 1597 ταῖς
1267 1527 1418 1607 πομπαῖς

287 1633 328 1704 ου’
347 1631 521 1719 δυνάμενον
542 1635 605 1701 κτὲ.
628 1638 728 1702 Uncis
750 1639 872 1704 inclusa
896 1640 1019 1713 addidi,
1054 1660 1131 1724 quae
1163 1637 1313 1702 excidisse
1349 1660 1418 1702 aus-

287 1755 383 1839 picor,
406 1751 442 1816 ol.
468 1752 486 1835 t
510 1753 573 1816 174
593 1758 688 1819 exta:
718 1750 893 1840 ἱππαρχῶν
917 1751 1040 1831 τοίνυν,
1074 1751 1107 1817 τί
1132 1751 1249 1816 οἲεσθε
1277 1741 1417 1832 ultra,-

286 1864 409 1931 ἵππον
429 1856 486 1929 οάκ
514 1855 688 1952 ἐτόλμησεν
709 1858 727 1931 ὁ
748 1856 901 1952 λαμπρός
933 1862 986 1929 καλ
1016 1855 1175 1937 πλούσιος
1205 1853 1299 1936 οὗτος
1319 1860 1419 1949 πρία-

288 1981 389 2057 σθαι,
413 1968 482 2041 ἀλλ’
503 1969 560 2042 ἐπ’
579 1970 792 2065 άλλοτρίοο
812 1970 871 2051 τάς
901 1970 1038 2060 πομπάς
1068 1969 1196 2062 ἠγεῖτο,
1228 1976 1289 2040 τοῦ
1320 1973 1420 2040 Φιλο-

286 2078 391 2175 μήλου
410 2090 470 2154 τοῦ
488 2088 671 2164 Παιανιέως
692 2089 818 2168 ἵππου,
839 2113 930 2175 quem
952 2089 1054 2154 locum
1077 2089 1241 2175 adscripsi,
1271 2094 1308 2153 ut
1341 2087 1418 2152 mihi

287 2202 465 2289 persuadeo,
488 2204 723 2270 emendatiorem
742 2227 833 2289 quam
855 2205 950 2291 vulgo
974 2206 1085 2269 editur.
1108 2204 1166 2268 Ilst
1189 2196 1272 2268 enini
1293 2201 1418 2289 vulgata

288 2318 381 2382 lectio
397 2318 486 2383 haec:
503 2313 678 2404 ἱππαρχῶν
697 2318 816 2397 τοίνυν,
839 2318 873 2385 τί
894 2319 1011 2383 οίεσθε
1030 2309 1168 2398 τάλλα;
1189 2308 1269 2380 άλλ’
1285 2313 1418 2394 ἵππον,

287 2428 415 2497 ἵππον
436 2426 493 2497 οὐκ
512 2429 596 2508 κτλ,
617 2453 707 2514 quam
732 2431 896 2497 lectionem
910 2432 1028 2517 duplici
1042 2429 1252 2517 dittographia
1273 2428 1420 2515 deprava·

288 2553 349 2609 tam
374 2568 439 2610 esse
461 2568 548 2609 nemo
572 2547 708 2611 monitus
727 2570 789 2611 non
815 2548 909 2613 videt.

334 2662 351 2744 δ
378 2663 440 2724 179
468 2660 514 2724 sic
537 2660 624 2747 lego:
648 2659 678 2725 εἰ
697 2651 950 2745 κατελάμβανον,
973 2652 1150 2749 άνθρωπε,
1170 2658 1269 2739 θέαν,
1293 2658 1356 2722 καὶ
1376 2652 1420 2744 μή

287 2777 357 2847 τοῖς
366 2764 564 2860 κηρύγμασιν
571 2825 580 2854 ,
604 2765 649 2849 ὠς
670 2764 710 2838 σά
722 2795 764 2854 με
786 2763 873 2860 φής,
896 2762 1097 2859 ἐπειθόμην,
1123 2769 1210 2845 τίνος
1234 2766 1267 2834 ἔκ
1287 2773 1350 2834 τῶν
1369 2761 1421 2835 νό-

288 2908 357 2965 μων
378 2879 409 2948 al
428 2878 474 2965 ori
494 2875 606 2973 κάρτος
632 2881 696 2949 καί
723 2877 741 2950 ὁ
765 2875 874 2973 άρχων
894 2874 1011 2965 αάτός;
1042 2885 1102 2949 Ρτο
1130 2881 1161 2949 εί
1182 2885 1290 2970 scripsi
1315 2880 1369 2948 καί
1391 2890 1421 2947 et

289 2987 329 3061 σά
363 2999 477 3063 inserui
511 3005 581 3063 ante
612 2990 742 3087 κάρτος,
771 3004 938 3082 utrumque
972 2999 1009 3064 de
1040 3001 1226 3064 coniectura.
1262 3001 1422 3065 Praeterea

288 3115 394 3178 nescio
418 3138 519 3179 annon
538 3117 654 3181 rectius
677 3113 881 3180 scriberetur:
915 3105 936 3196 ἢ
966 3108 984 3177 ὁ
1015 3104 1124 3202 άρχων
1145 3105 1252 3187 ου’τός.

335 3230 352 3312 δ
379 3233 459 3294 185;
483 3227 536 3294 καί
560 3223 637 3304 τοδς
659 3230 716 3311 μὲν
748 3220 901 3310 πτωχοός
925 3221 1001 3300 τοός
1022 3222 1059 3290 δὲ
1081 3215 1280 3310 καθάρματα
1298 3217 1374 3298 τούς
1395 3215 1425 3289 δ’

290 3339 400 3408 οὐδὲν
421 3334 659 3423 ὑπολαμβάνων
681 3331 770 3404 εἶναι.
793 3340 903 3405 Verior
919 3339 1013 3404 lectio
1035 3344 1154 3403 servata
1181 3340 1198 3421 δ
1225 3340 1308 3416 199,
1342 3337 1424 3402 unde

290 3456 386 3535 haec,
410 3460 435 3522 si
461 3456 597 3522 noudum
625 3456 740 3520 facturn
766 3461 825 3533 est,
850 3457 1055 3542 corrigantur.

783 3663 927 3679 -ι

333 3806 474 3870 Connus
499 3805 778 3868 Aursroonnuuu.

335 3921 475 3986 Alterum
500 3921 726 4004 Argumentum
757 3920 801 3982 sic
836 3917 966 4003 incipit:
999 3904 1038 3980 ‘H
1058 3906 1180 3995 Εὔβοια
1215 3911 1298 3995 [μία]
1330 3913 1426 3999 νῆσος

290 4034 353 4103 κτὲ.
377 4033 597 4121 Dittographia
620 4029 680 4111 μία
703 4040 808 4099 natum
833 4056 898 4098 ease
917 4037 992 4118 puto
1016 4050 1054 4093 ex
1078 4028 1164 4106 βοια.

337 4154 354 4236 δ
381 4151 421 4216 25
446 4154 522 4213 extr.
551 4148 722 4234 τηνικαῦτα
751 4141 812 4233 γάρ
847 4138 981 4225 εὐσεβὲς
1013 4134 1074 4228 ἤδη
1107 4128 1254 4215 κολάζειν
1281 4124 1426 4212 [εἰδόσιν]

292 4257 382 4331 εἶναι.
415 4265 478 4337 Qui
498 4264 608 4351 legerit
633 4262 865 4348 praecedentia,
900 4281 966 4323 eum
997 4279 1052 4321 cur
1075 4252 1274 4338 expunxerim
1307 4236 1429 4312 εἰδόσιν

291 4381 388 4446 latere
414 4381 532 4464 nequit.
1489 4357 1493 4366 ¹
