3024 5264
187 545 224 596 VI
635 538 868 585 Pusurn'rm.

188 704 320 770 maxime
354 700 525 767 studiorum
561 721 671 788 genere
708 720 778 762 vera
809 703 845 762 ut
877 694 1042 783 plurimum
1074 717 1128 761 sua
1160 717 1192 760 se
1223 692 1252 760 vi
1285 716 1321 762 ac

189 823 304 887 virtute
339 820 480 906 prodere,
522 817 598 881 falsa
633 821 739 880 contra
775 819 809 879 ut
848 814 902 878 diu
940 835 995 900 pro
1034 814 1113 878 veris
1150 812 1322 878 habeantur

188 937 283 1001 nullis
326 959 459 1022 unquam
503 930 738 1020 argumentandi
785 931 925 995 artificiis
964 931 1043 994 effici
1088 952 1188 1016 posse3
1228 950 1321 1013 quare

187 1060 294 1141 poetae
324 1051 592 1137 obtemperandum
624 1072 688 1112 esse
719 1048 792 1112 duxi
824 1048 979 1111 verissime
1008 1047 1159 1110 monenti:
1194 1035 1322 1116 ἁπλοῦς

189 1161 337 1248 ὁμῦθος
358 1170 415 1253 τῆς
436 1157 595 1252 ἀληθείας
617 1160 691 1252 a'ipc.
727 1165 920 1248 speraveram
957 1168 1055 1226 autem
1091 1163 1171 1238 fore,
1203 1161 1320 1224 utiam

189 1283 342 1369 principio
376 1281 448 1344 anni
476 1280 556 1343 LXI
580 1279 631 1342 hic
659 1278 781 1343 libellus
805 1279 960 1355 ederetur,
994 1301 1095 1342 nerum
1126 1279 1218 1364 longe
1249 1275 1322 1339 diu·

188 1400 252 1463 tius
294 1419 383 1480 quarn
423 1395 515 1459 initio
545 1393 732 1459 credideram
768 1395 945 1481 typothetas
969 1397 1155 1461 Graecorum
1196 1392 1322 1458 charac-

188 1518 286 1578 terum
310 1533 373 1576 non
398 1512 472 1573 satis
492 1533 605 1596 guaros
627 1503 707 1596 'opus
729 1511 873 1576 detinuit.
898 1510 957 1575 Vel
982 1513 1027 1575 sic
1050 1518 1150 1576 tamen
1175 1513 1321 1597 impressa

188 1631 262 1694 folia
282 1628 516 1715 perlustrantem
543 1627 702 1712 aliquanto
727 1628 827 1713 plures
856 1651 902 1692 me
926 1636 1067 1713 typorum
1092 1650 1207 1693 errores
1226 1630 1322 1692 offen·

190 1747 285 1820 dunt,
312 1767 403 1829 quam
436 1766 531 1827 aequo
556 1744 657 1806 animo
682 1744 792 1829 aliquis
816 1746 901 1809 ferat.
934 1745 1072 1817 Quorum
1095 1766 1229 1809 errorum
1252 1766 1322 1830 gra·

190 1863 329 1926 vissimos
350 1861 382 1923 in
409 1859 516 1924 ultima
539 1859 612 1923 libri
635 1861 748 1945 pagina
772 1861 954 1946 significavi.
971 1861 1008 1924 Id
1031 1884 1123 1924 unum
1138 1859 1321 1924 monendum

190 1977 264 2042 mihi
299 1980 393 2042 restat
424 1977 487 2039 ruri
517 1999 562 2039 me
582 1975 640 2039 hoc
665 1976 846 2060 opusculum
870 1977 1089 2061 composuisse,
1111 1998 1174 2039 non
1198 1975 1322 2060 quidem

188 2096 349 2158 insumma
366 2092 512 2155 librorum
537 2092 660 2176 inopia,
682 2092 733 2154 sed
754 2094 793 2155 iis
817 2099 917 2156 tamen
942 2092 1103 2177 praesidiis
1128 2093 1322 2169 destitutum,

187 2232 264 2294 quae
292 2208 434 2295 publicae
468 2206 674 2301 bibliothecae
697 2210 728 2270 in
759 2208 833 2272 urhe
861 2208 1037 2272 viventibus
1064 2207 1206 2271 uberiora
1230 2230 1321 2292 quam

187 2331 351 2411 suppetant
374 2323 598 2389 rusticantibus
627 2323 744 2387 soleant
777 2326 893 2387 offerre.
936 2321 1015 2387 Inde
1047 2323 1112 2385 fieri
1147 2345 1236 2408 posse
1258 2348 1321 2389 non

187 2464 282 2528 nege,
306 2447 342 2505 ut
364 2441 445 2504 inter
469 2462 552 2503 meas
580 2439 807 2503 emendationes
830 2439 1040 2525 reperiantur,
1068 2464 1144 2527 quae
1166 2441 1227 2504 iam
1251 2442 1322 2506 aliis

187 2565 259 2622 ante
282 2579 329 2621 me
349 2557 447 2620 facere
472 2544 649 2641 contigerit.
673 2554 814 2626 Quorum
838 2557 1033 2620 inventorum
1058 2556 1185 2634 laudern,
1209 2557 1236 2621 si
1262 2579 1323 2643 qua

187 2679 248 2750 est,
271 2673 423 2758 integram
459 2670 622 2734 concedam
647 2671 705 2747 iis,
740 2671 793 2753 qui
826 2694 873 2734 me
897 2672 1012 2756 priores
1047 2695 1110 2736 earn
1146 2674 1323 2738 meruerint.

189 2790 258 2854 Hoc
270 2788 472 2864 reticuissem,
497 2788 528 2849 ni
556 2787 672 2871 ineptis
695 2787 770 2850 furti
792 2786 923 2851 literarii
945 2788 1215 2853 criminationibus
1239 2792 1322 2854 viros

188 2927 234 2968 me
257 2904 349 2989 longe
361 2904 515 2966 doctiores
537 2909 567 2966 et
584 2902 736 2966 acutiores
760 2925 847 2987 saepe
867 2902 903 2966 ab
923 2902 992 2966 aliis
1015 2903 1210 2968 obtrectandi
1230 2928 1323 2970 causa

186 3021 300 3104 petitos
324 3012 389 3082 esse
416 3023 446 3081 et
485 3019 663 3083 etiamnunc
685 3020 748 3103 peti
774 3017 1054 3082 animadverterem.
1078 3020 1187 3106 Longe
1208 3023 1322 3108 magis,

186 3139 221 3198 ut
244 3156 347 3199 verum
370 3134 482 3209 fatear,
514 3156 561 3197 me
585 3136 723 3218 poenitet
745 3157 848 3198 earum
872 3134 1138 3212 observationum,
1171 3160 1247 3221 quas
1269 3143 1322 3203 aut

185 3249 277 3314 falsas
313 3272 376 3314 esse
407 3255 460 3313 aut
495 3251 557 3314 veri
594 3249 811 3313 dissimiliores
836 3273 882 3314 me
914 3251 1076 3315 docuerint
1107 3248 1141 3316 αἱ
1170 3241 1324 3339 δεύτεραι

187 3362 370 3450 φροντίδες.
394 3367 433 3429 In
455 3388 585 3449 quarum
609 3366 711 3431 locum
733 3366 901 3430 succedant
922 3367 1148 3431 emendationes
1171 3366 1321 3450 quaedam

185 3479 314 3542 relectae
345 3481 376 3544 in
412 3481 668 3568 Aristophanem,
706 3506 782 3567 quas
817 3484 850 3546 in
885 3484 1104 3567 praefationem
1138 3481 1321 3547 includendi

186 3595 305 3659 veniam
330 3597 383 3662 abs
406 3604 453 3674 te,
478 3600 593 3685 optime
620 3598 736 3674 lector,
762 3600 903 3682 quamvis
925 3620 1005 3661 novo
1029 3599 1157 3662 fortasse
1181 3598 1322 3683 exemplo

188 3710 261 3773 mihi
275 3735 401 3777 sumam.
423 3715 468 3778 Ut
490 3714 613 3780 chartae
636 3736 769 3800 parcam,
793 3736 874 3777 more
898 3736 963 3777 meo
988 3714 1088 3778 verbis
1107 3721 1175 3778 utar
1199 3716 1322 3801 paucis-

186 3827 283 3892 simis.
311 3831 464 3896 Aonian.
485 3856 528 3897 vs.
558 3835 620 3896 176
647 3830 778 3894 absurda
801 3837 847 3896 est
867 3830 1048 3915 Amphithei
1073 3832 1189 3895 oratio:
1221 3821 1321 3916 μήπω

186 3955 221 4018 γε
232 3931 310 4018 πρὶν
320 3927 358 3999 ἂν
380 3935 457 4006 terri
477 3933 610 4023 τρέχων.
627 3939 745 4022 Esqq.:
770 3931 891 4023 daiyoip
906 3935 969 4000 κτὲ.
981 3943 1105 4022 apparet
1118 3938 1321 4024 Aristophani

185 4049 372 4114 reddendum
386 4074 463 4115 esse:
475 4050 553 4138 πρὶν
568 4043 605 4117 dir
625 4053 749 4116 σωθῶ
769 4049 899 4137 τρέχων.
917 4053 1014 4117 Codd.
1032 4053 1088 4130 ςῶ.
1105 4055 1186 4119 Ibid.
1198 4078 1241 4119 vs.
1255 4059 1320 4119 193

186 4167 341 4251 suspicor:
359 4166 528 4254 διατριβῆς
548 4171 610 4230 καὶ
631 4157 829 4250 ξυλλὸγων
851 4190 905 4252 pro
928 4167 1003 4231 τῶν
1024 4159 1254 4252 §opprimam
1277 4191 1320 4233 vs.

187 4282 251 4346 505
285 4273 380 4363 κου’χί
408 4301 464 4365 pro
497 4271 626 4361 nodum,-
658 4303 701 4343 vs.
723 4282 786 4344 571
809 4304 841 4343 τι
870 4271 992 4354 ἀνύσας
1022 4303 1076 4367 pro
1109 4303 1159 4354 τις
1188 4272 1334 4357 circione..

186 4397 225 4462 Ib
254 4419 296 4462 vs.
319 4402 383 4462 988
409 4421 424 4462 e
447 4397 553 4462 codice
575 4397 766 4475 Ravennati,
801 4420 889 4484 quem
910 4398 975 4483 ipse
993 4397 1092 4461 denuo
1113 4396 1252 4473 excussi,
1273 4397 1320 4462 sic
