3024 5264
649 465 691 524 89

143 633 174 698 Ε
197 632 352 706 Quinctii.
376 632 454 697 Inst.
479 637 517 709 3,
551 637 587 710 1,
614 635 656 700 14
678 640 803 721 apparet
826 657 842 698 e
864 636 1040 702 Philoctete
1058 637 1162 702 fabula
1177 637 1234 702 hos

92 771 210 814 versus
234 755 372 834 sumptos
403 769 485 826 esse,
515 769 552 814 ex
585 749 736 815 Cicerone
758 750 796 817 de
819 751 907 815 Orat.
928 752 1001 830 111,
1025 756 1084 831 35,
1109 757 1172 818 141
1196 753 1235 819 ab

91 865 169 950 ipso
197 862 373 928 Philoctete
399 864 495 928 fuisse
526 865 753 950 pronuntiatos.
774 865 962 931 Graecorum
984 868 1083 954 igitur
1106 869 1158 953 qui
1182 866 1234 933 hic

92 983 290 1043 memoratur
316 980 491 1043 excercitus
515 980 568 1043 vix
592 979 672 1046 alius
694 1003 760 1059 esse
782 985 903 1067 potest,
925 1003 1016 1067 quam
1040 982 1094 1068 qui
1117 1005 1235 1070 expug-

91 1093 190 1157 navit
201 1093 335 1158 Troiam.
359 1093 420 1158 His
441 1093 563 1179 positis,
585 1093 661 1160 mihi
685 1094 811 1180 quidem
831 1095 1084 1170 obscurissimum
1100 1101 1163 1175 est,
1180 1119 1236 1162 cur

92 1207 244 1282 additum
273 1208 315 1273 sit
338 1207 527 1286 adiectivum
548 1197 679 1284 παντός.
703 1211 835 1276 Manum
857 1216 982 1297 poetae,
1002 1232 1093 1296 quem
1111 1211 1236 1298 Euripi·

92 1322 170 1388 dem
194 1344 260 1387 esse
282 1329 356 1395 sunt
380 1322 434 1409 qui
458 1321 658 1409 probabiliter
686 1324 901 1410 suspicentur,
929 1325 1073 1399 restitues
1107 1327 1236 1403 fortasse

93 1437 287 1512 scribendo:

257 1540 341 1637 ὑπὲρ
362 1571 399 1637 γε
417 1548 528 1634 μέντοι
547 1550 618 1616 τοῦ
639 1543 895 1640 Πανελλήνων
917 1554 1039 1640 ςροποῦ

258 1654 392 1750 αἰσχρὸν
413 1660 541 1728 σιωπᾶν
561 1655 752 1751 βαρβάρους
773 1653 803 1728 d'
823 1661 878 1730 ἐᾶν
898 1661 1009 1748 λέγειν,
1037 1726 1041 1759 3

94 1775 279 1859 Comparari
304 1775 420 1860 poterit
442 1797 470 1839 v.
494 1797 521 1865 c.
543 1773 614 1863 Iph.
639 1775 711 1842 Aul.
735 1780 815 1856 350„
1125 1865 1128 1871 ι

146 1887 315 1976 Vulgatam
338 1888 503 1955 lectionem
526 1892 677 1979 originem
709 1892 817 1958 debere
839 1897 915 1978 puto
938 1890 1118 1958 huiusmodi
1142 1891 1237 1956 libro·

95 2027 171 2070 rum
196 2006 382 2091 scripturae:

224 2266 226 2270 ,
308 2195 394 2292 ὑπὲρ
417 2226 453 2289 γε
474 2203 582 2288 μέντοι
604 2145 850 2293 divertuntur
871 2209 1000 2296 ςροτοῦ.

149 2553 252 2620 Schol.
274 2559 328 2620 Ar.
351 2559 409 2621 Av.
435 2560 518 2622 1647
550 2549 666 2645 (δεῦρ’
693 2551 745 2632 ὠς
775 2551 831 2640 ἔμ’
861 2547 1143 2645 ἀποχώρησον,
1174 2553 1238 2621 ἵνα

94 2665 142 2733 ei
170 2688 233 2733 σοι
262 2661 415 2757 φράσω)
443 2661 530 2758 δεῦρ’
558 2662 603 2744 ὡς
633 2660 683 2752 tt?
709 2661 939 2758 ἀποχώρησον]
970 2661 1022 2736 ὅτι
1049 2662 1162 2752 ὅμοιον
1190 2667 1238 2750 τῷ

94 2768 198 2864 τόπῳ
218 2779 347 2866 ἐκείνῳ·

244 2885 336 2980 Ιδεῦρ’
357 2891 460 2958 ἐλθὲ·
482 2889 548 2959 οὖν
570 2892 633 2981 σοὶ
652 2885 755 2958 τᾶλλα
774 2884 936 2975 βούλομαι
957 2881 1095 2979 φράσον.

145 2995 291 3071 Verbum¹
306 2998 446 3094 φράζειν
479 2989 644 3092 numquam
669 3007 785 3073 Graece
808 2996 937 3093 ponitur
960 3025 1016 3090 pro
1040 2994 1237 3092 φράζεσθαι

93 3124 118 3186 i.
144 3142 169 3184 e.
193 3122 381 3200 deliberare3
404 3123 510 3206 itaque
533 3119 662 3208 φράσοι
683 3113 741 3186 ocio
761 3118 824 3186 croi
842 3142 874 3183 τι
894 3142 932 3184 ne
956 3119 1088 3206 cogitari
1113 3114 1237 3201 quidem

95 3241 216 3323 potest.
898 3241 901 3249 '

146 3352 219 3417 Nisi
243 3352 364 3439 egregie
387 3351 495 3428 fallor,
515 3353 636 3439 tragico
659 3350 817 3415 lenissima
837 3351 1008 3414 mutatione
1030 3344 1236 3412 reddendum:

224 3461 311 3549 δεῦρ’
332 3457 398 3532 ἔλθ’
420 3460 459 3540 ἐς
480 3453 547 3540 οὖς
569 3454 755 3529 cutodita
776 3453 936 3546 βούλομαι
959 3453 1096 3550 φράσαι.
1121 3490 1123 3494 ⁴

147 3578 247 3651 Quam
271 3581 457 3644 verissimam
482 3579 722 3644 emendationem
740 3575 833 3641 debeo
848 3575 918 3641 loco
933 3576 1040 3661 Eurip.
1056 3573 1124 3638 Ion.
1141 3573 1237 3635 luta

227 3682 317 3778 δεῦρ’
339 3682 407 3756 ἔλθ’
429 3691 467 3767 ἐς
489 3679 554 3765 οὖς
577 3711 638 3755 σοι
658 3680 1136 3781 τούςλόγουςῑείπεῖν,θέλονΙ

98 3827 208 3890 quem,
242 3804 321 3869 nihil
343 3816 379 3869 ut
403 3805 526 3870 videtur
550 3805 736 3891 suspicatus,
759 3803 935 3868 Nauckius'
949 3801 1072 3896 (Adesp.
1096 3801 1134 3865 ir.
1158 3801 1236 3885 363)

99 3920 240 3984 conferre
263 3919 408 3984 lectorem
433 3920 528 3984 iubet.
549 3919 738 4003 Quicunque
759 3917 989 4016 veronoverit,
1008 3915 1087 4012 apud
1112 3915 1237 4000 Euripi-

99 4035 170 4098 dem
187 4034 206 4099 l.
222 4033 242 4098 Ι.
258 4036 435 4120 praeoedere
452 4035 534 4101 bunc
553 4057 687 4101 versum:
799 4075 802 4081 ·

228 4143 271 4212 coi
293 4145 321 4213 d
340 4141 437 4214 ἄλλα
459 4170 545 4237 προς
566 4171 603 4212 oe
622 4140 820 4230 βούλομαι
839 4136 937 4229 μόνον
957 4136 1097 4233 φράσοι,

97 4282 162 4325 nou
188 4261 344 4327 dubitabit
364 4287 482 4328 meeum
498 4267 632 4327 statuere
649 4261 890 4327 Grammatieum
906 4258 991 4325 bunc
1010 4260 1112 4346 ipsum
1128 4258 1233 4321 afferre

100 4378 190 4441 Ionis
223 4378 341 4457 locum,
386 4379 438 4443 sed
474 4379 636 4442 memoriae
668 4376 756 4462 lapsu
798 4399 893 4442 uuum
929 4395 1049 4439 versum
1084 4373 1192 4436 fecisse
1220 4393 1236 4434 e
