3024 5264
636 433 697 493 159

96 602 260 689 Vulgatnr
281 596 402 670 τοιάδε.
427 603 599 689 Utriusque
622 604 782 681 vocabuli,
806 607 947 690 quamvis
968 613 1081 671 certum
1103 612 1134 670 et
1157 628 1231 670 con·

95 713 189 782 stans
210 725 257 783 est
272 719 352 805 apud
377 723 492 783 veteres
511 721 638 786 Atticos
658 721 847 799 discrimen,
870 722 1013 806 frequens
1033 732 1079 788 est
1092 724 1124 786 in
1143 722 1233 785 codd.

96 833 252 898 conlusio.

145 949 255 1013 L1nun
278 947 375 1012 VIII.

144 1064 220 1150 cap.
254 1066 271 1128 I
306 1065 325 1148 b
359 1068 395 1126 3:
431 1063 498 1128 nol
527 1059 573 1128 noi
601 1064 666 1129 uuir
705 1055 884 1149 συμμάχων
923 1063 962 1140 ἐς
998 1056 1233 1154 depelletur

96 1181 329 1259 ποιεῖσθαι,
353 1179 557 1243 Locutionem
577 1178 628 1244 hic
656 1180 778 1244 obviam
795 1202 856 1244 non
884 1200 1009 1266 possum
1031 1201 1094 1242 non
1125 1201 1233 1245 vocare

96 1289 136 1353 in
160 1289 297 1357 dubium.
325 1293 472 1381 Cogitaui
508 1293 547 1358 de
574 1294 750 1381 reponendo
782 1292 816 1368 ἒς
848 1282 1032 1380 ἀσφάλειαν
1060 1290 1233 1358 τίθεσθαι.

97 1404 161 1469 sed
195 1407 308 1471 retinet
342 1430 390 1472 me
424 1409 589 1495 cogitatio,
632 1412 666 1474 in
699 1431 737 1474 ea
759 1431 791 1473 ro
825 1408 960 1472 Graecos
996 1404 1098 1470 dicere
1135 1407 1233 1471 solere

96 1515 140 1582 ἐν
160 1509 341 1606 ἀσφαλεῖ.
366 1521 544 1588 Videndum
558 1525 705 1611 igiturne
729 1525 810 1588 forte
832 1520 932 1585 Thnc.
950 1519 1088 1587 dederit:
1111 1519 1175 1585 καὶ
1191 1513 1233 1584 uoi

96 1632 164 1692 τῶν
184 1623 360 1716 συμμάχων
378 1627 603 1723 ἀσφάλειαν
623 1640 851 1716 ποιεῖσθαι,
871 1633 973 1700 deleta
997 1635 1232 1722 praepositione,

96 1765 179 1828 quae
210 1746 360 1832 originem
402 1748 529 1814 debeat
546 1751 640 1815 initio
672 1752 828 1836 sequentis
862 1749 1022 1826 vocabuli,
1054 1756 1089 1814 nt
1122 1770 1230 1813 sensus

97 1860 161 1923 sit:
183 1867 212 1924 et
228 1863 310 1945 quod
326 1865 368 1927 ud
388 1867 486 1930 socios
508 1868 623 1931 attinet
633 1869 829 1932 securitatem
841 1865 902 1928 sihi
913 1886 1095 1950 comparare.
1120 1863 1230 1929 Malim

97 1983 221 2039 tamen:
242 1965 329 2041 κοῖπό
348 2000 377 2040 a.
399 1997 430 2042 σ.
451 1970 635 2065 ἀσφάλειαν
656 1983 840 2046 noemam.
863 1980 885 2044 i.
904 2003 928 2045 e.
948 2005 968 2044 a
988 1983 1088 2046 sociis.
1105 1979 1230 2046 Etenim

98 2090 179 2154 socii
191 2089 428 2155 Atheniensium
451 2098 522 2177 post
542 2092 659 2157 cladem
681 2092 817 2159 Siculam
832 2093 869 2158 ad
887 2095 1077 2161 adversarios
1102 2096 1231 2161 deficere

99 2211 284 2291 coeperant,
304 2204 492 2290 dequeeare
516 2208 548 2272 in
570 2211 707 2295 proxime
730 2211 916 2298 praegressis
935 2212 1068 2298 scriptor
1083 2212 1230 2296 loquitur.

146 2321 213 2406 Gap
230 2324 268 2385 15
292 2320 380 2385 init:
401 2313 444 2394 br
465 2319 502 2385 dri
522 2314 583 2397 τοὶς
603 2313 745 2410 Ἀθήνας
765 2315 846 2406 coxo*
878 2313 1013 2409 ‹iyyelr'u
1031 2325 1101 2412 τῆς
1129 2321 1231 2390 Xlov

98 2425 489 2520 &conservationes
520 2435 668 2501 ductuum
699 2435 935 2502 similitudinem
960 2443 1031 2524 post
1050 2436 1232 2526 ἀφικνεῖται

97 2546 193 2612 facile
223 2548 346 2614 exidere
377 2550 482 2636 potnit
512 2542 808 2639 baudolenum,
836 2551 883 2615 vel
918 2549 968 2619 ὄτι
996 2544 1150 2640 nimisque.
1180 2549 1231 2612 Ita

97 2664 199 2726 forma
228 2665 377 2728 orationis
407 2665 517 2729 similis
551 2664 610 2729 erit
641 2663 731 2729 huice
755 2666 889 2752 (1.61):
917 2656 1002 2753 ἦλθε
1030 2669 1101 2738 τοῖς
1132 2655 1231 2747 Ἀθη-

97 2773 204 2850 ναίονς
223 2768 325 2850 aderis
347 2770 514 2865 ἡᾶγγελία
532 2779 607 2842 τῶν
628 2768 783 2843 πόλεων
804 2773 863 2844 ὅτι
884 2771 1068 2866 denegent.
1088 2777 1231 2842 Fortasse

98 2896 203 2954 tamen
227 2890 308 2954 nihil
329 2893 513 2956 novandum.

144 3006 222 3090 Cap.
239 3011 279 3070 26
305 3007 381 3071 med.
405 3003 626 3071 κατέπλευσαν
648 3003 682 3079 ἐς
701 3003 812 3092 Λὲρον
832 3005 964 3090 πρῶτον
985 3001 1055 3091 [τῆν
1076 2997 1143 3091 πρὸ
1168 3011 1231 3070 Μν-

99 3113 198 3203 arton
220 3120 335 3206 νῆσον].
371 3118 557 3185 Huiusmodi
587 3118 799 3183 additamenta
825 3118 1031 3205 geographica
1057 3140 1167 3206 magna
1193 3140 1231 3182 ex

100 3238 189 3317 parte
223 3256 240 3297 a
272 3236 377 3300 sciolis
407 3239 466 3302 iam
496 3235 671 3320 antiquitus
703 3239 838 3298 veterum
870 3234 997 3320 scriptis
1021 3236 1144 3299 invecta
1167 3256 1232 3298 esse

99 3348 179 3411 satis
211 3356 340 3414 constat.
370 3352 432 3416 Hic
451 3327 654 3438 *interpolatio
677 3371 712 3413 eo
735 3347 924 3413 luculentior
947 3361 1009 3424 est,
1032 3371 1093 3434 quo
1116 3351 1231 3414 certius

99 3464 246 3528 novimus
274 3467 389 3531 Letum
408 3468 539 3531 insulam
559 3488 619 3530 non
638 3487 694 3553 pro
718 3463 828 3529 Mileto
851 3464 904 3528 sed
928 3487 1020 3550 prope
1054 3466 1177 3529 Icarum
1201 3471 1233 3530 et

100 3577 268 3644 Pothinum
300 3584 389 3646 sitam
419 3584 522 3647 fuisse.
545 3581 757 3667 Interpolator
780 3584 882 3644 antem
906 3581 1014 3643 naam
1041 3579 1175 3643 insulam
1198 3580 1230 3644 in

101 3694 212 3757 codice
244 3718 298 3760 suo
330 3698 441 3784 legisse
473 3699 606 3772 videtur,
639 3697 701 3760 nisi
724 3696 804 3759 forte
826 3695 988 3758 memoriae
1011 3693 1094 3758 hunc
1113 3695 1232 3781 lapsum

100 3831 170 3872 esse
200 3811 321 3875 credere
345 3815 451 3877 marie.
485 3813 532 3878 ef.
556 3818 655 3877 antem
680 3832 744 3895 cap.
770 3811 811 3873 17
831 3815 906 3873 extr.
930 3814 961 3873 et
986 3811 1027 3871 27
1047 3810 1117 3873 init.
1141 3809 1233 3875 Solus

101 3924 183 3988 liber
213 3924 285 3990 Vat.
315 3929 447 3992 servavit
478 3926 602 4013 Λὲρον,
646 3925 728 3989 unde
762 3924 920 3988 Bellienus
952 3925 1076 4010 recepit.
1108 3925 1233 4011 Reliqui

100 4029 220 4117 Ἐλεόν,
245 4043 339 4105 variis
362 4041 543 4108 accentibus
567 4039 796 4126 spiritibusque.

150 4154 226 4239 Cap.
239 4160 292 4218 28.
313 4146 471 4242 Ἀμόργην
492 4153 594 4232 ζῶντα
614 4142 769 4234 λαβόντες
791 4140 1017 4228 [Πισσούθνου
1040 4143 1140 4216 νόθον
1156 4147 1233 4232 υἱόν,

102 4256 262 4352 ἅφεςῶτα
283 4266 320 4333 δὲ
341 4265 515 4350 βασιλέως]
538 4265 645 4331 Delevi
666 4264 742 4330 male
766 4265 896 4348 repetita
919 4285 935 4326 e
958 4287 1022 4351 cap.
1041 4266 1078 4327 V.
1103 4268 1141 4329 ln
1161 4287 1235 4348 sqq,

104 4380 190 4463 quod
214 4381 250 4445 ad
275 4376 424 4469 δαρεικὸν
445 4381 588 4457 additur,
611 4384 735 4465 ςατῆρα
758 4385 933 4465 suspectum
964 4386 1025 4457 est3
1062 4386 1092 4444 et
1126 4378 1233 4465 procul
