3024 5264
757 456 799 518 λδ

181 625 277 696 (lucc
305 629 467 696 sententia
491 629 596 696 atatim
620 630 809 718 corrigebam
833 621 974 722 ἡδίστην,
1001 628 1148 720 ignoraus
1172 625 1348 713 eamipaam

180 745 378 812 lectionem
400 752 520 813 cratere
541 746 573 811 in
601 747 658 813 cod
682 749 720 814 Β.
746 747 879 814 Stobaei.

237 977 329 1042 Non
363 976 518 1064 illepidam
551 976 704 1043 nobismet
734 977 812 1064 ipsis
838 976 1024 1043 medicinam
1047 978 1241 1066 excogitasse
1264 976 1348 1041 vide·

186 1118 291 1172 mur,
316 1116 380 1179 qua
404 1094 467 1159 vita
484 1093 613 1160 σέσιλοι
628 1093 776 1159 reddatur
797 1085 892 1185 ρήσει
907 1116 923 1158 e
942 1092 1106 1181 Sophoclis
1126 1095 1288 1182 Τοκιμτίιίι
1303 1115 1349 1181 ορ.

188 1209 324 1276 Athen.
348 1209 408 1288 IV,
427 1233 456 1297 p.
481 1214 543 1276 175
560 1212 610 1290 n,
632 1211 671 1275 de
693 1232 753 1297 qna
775 1208 963 1275 emendanda
986 1211 1046 1276 iam
1071 1208 1272 1299 desperarunt
1291 1210 1349 1276 viri

191 1327 306 1393 docti.
330 1327 415 1392 Ecce
432 1325 526 1392 lectio
550 1327 669 1392 codicis
692 1328 738 1392 A:

316 1441 435 1524 οἲχωκε
451 1432 514 1527 γάρ
541 1433 682 1529 κροτητά
697 1439 860 1529 πηκτίδων
877 1437 959 1528 μέλη

317 1542 402 1641 λύρα
420 1543 593 1632 μοναύλους
612 1574 851 1637 τεχειμωντεως
875 1575 950 1630 ναος
975 1550 1120 1643 στέρρμα
1139 1543 1351 1643 κωμασάσης,

193 1668 302 1733 etsie
319 1666 446 1752 reliqui,
466 1668 526 1732 nisi
549 1666 632 1753 quod
650 1669 682 1732 in
706 1690 752 1733 ma
768 1666 852 1754 Epit.
864 1673 912 1733 eat
921 1659 1079 1756 μόναυλοί
1097 1692 1142 1737 τι.
1160 1669 1352 1736 Praecednut

197 1790 315 1850 autem
341 1784 419 1871 apud
443 1784 638 1850 Athenaeum
664 1783 754 1850 verba
779 1782 870 1850 haec:
896 1780 1017 1852 τοῦδέ
1043 1773 1206 1866 μοναύλου
1233 1807 1345 1874 μνημο-

197 1902 298 1964 νεύει
320 1899 489 1990 Σοφοκλῆς
512 1897 571 1984 μέν
602 1898 633 1966 ἐν
660 1888 799 1990 Θαμύρᾳ
826 1899 861 1987 (Ι,
885 1886 1049 1991 Θαμύριδι
1072 1918 1141 1964 cum
1166 1897 1353 1987 Schweigh.)

200 2031 332 2086 ουτως.

253 2125 310 2190 Ne
333 2123 445 2212 longus
464 2125 537 2203 aim,
556 2125 660 2192 locum
676 2129 723 2192 uic
739 2129 861 2195 restitui
879 2151 967 2216 poaae
983 2128 1133 2208 arbitror,
1149 2133 1185 2196 ut
1199 2128 1353 2219 legamus:

361 2227 505 2324 Ὧιχωκε
524 2233 586 2329 γάρ
606 2234 746 2335 κρστρτά
763 2241 928 2331 πηκτίδων
938 2239 1037 2331 μέλη,

369 2341 496 2438 Λύρα,
514 2343 702 2437 μόναυλοί
725 2345 773 2436 θ’,
814 2345 883 2430 ciis·
898 2347 1010 2443 τύχη,
1031 2345 1177 2440 pareclo
1194 2346 1302 2432 ὅπως

370 2459 462 2540 ναὸς
481 2463 666 2553 τέρεμνα,
687 2457 882 2550 κωμάσασ’
900 2457 1158 2556 (άνὴρτιασιν)ί

259 2579 332 2665 lpse
365 2578 563 2664 Thamyridis
597 2580 673 2646 victi
697 2602 714 2645 a
739 2581 840 2646 Mucia
865 2580 955 2647 verba
978 2603 1043 2647 ease
1066 2581 1213 2649 videntur
1235 2581 1352 2649 lamen·

208 2695 313 2760 tantis
350 2694 387 2759 de
421 2718 527 2782 aspera
558 2718 613 2761 aua
644 2702 735 2762 sorte.
760 2699 808 2764 of.
833 2697 926 2762 Hom.
949 2697 989 2764 Il.
1010 2699 1039 2764 B
1059 2702 1144 2790 auae

361 2807 410 2876 Al
427 2807 464 2875 δέ
480 2801 699 2893 χολωσάμενοι
717 2804 823 2901 νιηρύν
844 2809 958 2892 θέσαν,
977 2802 1080 2902 αύτάρ
1100 2803 1214 2903 άοιδήν

363 2921 539 3011 θεσπεσίην
554 2915 729 3011 α’φιίλοντο
746 2922 800 2988 καὶ
821 2917 998 2990 ἐκλέλαθον
1015 2915 1212 3011 κιθαριστύν,

210 3034 412 3100 Exclamavit
432 3037 548 3123 igitur:

350 3152 519 3217 Perierunt
543 3153 623 3217 caim
646 3153 806 3218 modulate
824 3153 984 3238 pacticiam
1003 3154 1156 3233 carmine,

353 3269 437 3352 ίμτσ,
460 3270 674 3355 momentique,
699 3291 772 3356 quea
786 3270 941 3355 fortene,
968 3292 1023 3335 σαι
1044 3270 1140 3335 hiem

349 3384 471 3469 eeee'pa'i
490 3385 628 3461 tebutea,
642 3385 823 3470 furibunde
837 3386 967 3470 saepit!

259 3498 353 3570 Quod
378 3498 415 3563 ad
443 3497 568 3564 verbum
592 3492 755 3582 κωμάζειν
777 3489 909 3578 attinet,
938 3521 1001 3565 nou
1024 3498 1103 3566 male
1130 3501 1357 3588 comparabitur

214 3615 380 3700 Euripidis
403 3615 491 3680 locus
513 3617 547 3679 in
571 3616 687 3679 Pboee.
712 3618 794 3679 355:

520 3721 645 3797 ’Όλοιτο
662 3717 743 3792 τάδ’·
763 3728 830 3792 ἐἴτε
851 3723 995 3816 σίδαρος,

527 3832 587 3905 εἴτ’
611 3835 696 3926 ἔρις,
716 3839 784 3905 εἴτε
799 3833 908 3928 πατήρ
930 3829 951 3906 δ
973 3830 1047 3921 eric,

528 3951 595 4016 εἴτε
614 3943 653 4018 τύ
671 3942 836 4035 δαιμόνιον
851 3940 1060 4036 κατεκώμασε

528 4054 675 4145 δώμασιν
698 4061 870 4132 Οἰδίποδα.

264 4181 415 4248 Similiter
437 4176 561 4243 verbnm
590 4165 805 4260 ἐπικωμάζων
827 4178 865 4243 de
879 4177 1009 4245 σιίυιιισ
1020 4178 1159 4266 foeturae
1177 4181 1360 4266 petulanter

218 4301 352 4365 irruenti
375 4291 492 4360 Graece
515 4290 654 4357 adhiberi
677 4295 789 4378 puteat.
