3024 5264
824 418 887 482 146

293 584 350 658 οῦκ
370 584 415 655 tv
436 581 581 656 τοσαῦτά
601 581 630 676 γ’
653 588 742 675 (τλὰς
762 593 857 678 scil),
873 590 905 658 εί
923 587 1099 680 ἀμέτρως
1117 591 1311 680 μοχθῃτέον.
1335 594 1423 665 Quae

293 705 384 770 verba
406 706 575 790 interprete
602 729 663 769 non
688 707 886 794 indigebunt.

336 821 391 886 Vs.
414 821 499 887 1303
520 842 580 904 aq.:
599 818 762 908 χορευέτω
783 815 824 910 δή
844 814 982 908 Ζῃνῦςὴ
1002 813 1106 909 κλεινή
1126 810 1235 908 δάμαρ

600 923 754 1017 κρούουσ’
773 923 948 1015 Ὀλυμπίου
968 927 1073 1022 Ζῃνῦς
1090 925 1218 1022 νίρβύλῃ
1237 929 1335 1000 πόδα.

291 1047 432 1114 Diversis
455 1045 555 1111 nodis
578 1067 697 1110 versum
722 1047 987 1132 corruptissimum
1010 1069 1118 1113 sanare
1140 1048 1244 1112 conati
1266 1053 1340 1111 sunt
1362 1047 1421 1111 viri

291 1161 385 1227 docti.
401 1163 470 1248 Ego
491 1162 572 1226 facio
597 1183 667 1226 cnm
692 1161 740 1238 iis,
763 1161 817 1244 qui
841 1162 887 1226 sic
910 1163 1026 1229 edunt:
1048 1152 1201 1250 κρούουσ’
1226 1151 1385 1242 Ὀλύμπου
1404 1166 1422 1202 *

288 1265 415 1362 ἀρβύλῃ
435 1267 549 1351 ποδός.
571 1275 784 1362 Suppleverim
808 1281 928 1342 autem:
950 1267 1103 1365 κρούουσ’
1120 1264 1280 1355 ’Θλύμπου
1305 1267 1421 1336 δάπε-

289 1388 357 1452 δον
376 1379 504 1475 ἀρβύλῃ
525 1381 639 1466 ποδός.
664 1391 840 1456 Dobraens:
865 1381 1022 1472 Ὀλύμπου
1041 1377 1181 1469 δώματ’
1201 1385 1264 1450 κτέ.

331 1640 507 1705 Eracnnnn
532 1665 575 1706 vs.
603 1647 665 1710 122
689 1669 770 1732 sqq.:

588 1744 617 1819 ci
636 1751 761 1849 πάτερ,
789 1756 829 1826 οῦ
851 1753 880 1826 δ’
900 1759 931 1826 έν
945 1753 1043 1843 Ἅιδᾳ
1064 1750 1103 1843 δὴ

586 1873 705 1951 κεῖσαι,
728 1875 787 1948 σῦς
804 1863 930 1957 σίλὸχου
951 1866 1120 1957 σφαγεὶς

588 1978 755 2066 Αἰγίσθου
770 1981 806 2064 τ’,
826 1976 1028 2070 Ἀγάμεμνον.

291 2088 363 2153 Una
383 2088 473 2153 litera
501 2099 636 2172 mutata,
655 2099 847 2183 scripserim:
878 2099 984 2161 κεῖσαι
1013 2092 1075 2166 σᾶς
1097 2079 1216 2172 ἀλόχου
1247 2085 1420 2171 σφαγαῖς

290 2200 456 2287 Αἰγίσθου
475 2195 507 2266 τ’
527 2205 589 2271 κτέ.

331 2314 387 2380 Vs.
409 2319 491 2381 307:
516 2309 596 2406 αύτή
612 2318 671 2402 μέν
690 2321 901 2406 ἐκμοχθοῦσα
920 2318 1062 2409 κερκίσιν
1078 2313 1242 2390 πέπλους,

514 2420 547 2516 [ἢ
565 2425 682 2514 γυμνὸν
701 2433 763 2513 έξιο
783 2435 879 2516 σιῦμα
896 2431 949 2497 καί
967 2421 1160 2518 ςερὴσομαι]

511 2533 593 2627 αι’τὴ
613 2540 649 2606 δέ
671 2540 778 2632 πῃγῦς
797 2543 982 2629 ποταμίους
1001 2535 1208 2632 φορουμένη·

510 2644 665 2740 ἀνέορτος
683 2654 781 2745 ἱεροῦν
801 2657 855 2724 καὶ
874 2656 981 2745 χορεῦν
999 2649 1173 2742 τητωμένη.

290 2765 478 2850 Quicunque
499 2765 622 2852 pulchri
640 2792 732 2834 sensu
759 2794 820 2836 nou
845 2772 934 2858 plane
959 2770 1127 2834 destitutus
1150 2771 1213 2840 est,
1235 2762 1419 2827 assentietur

287 2879 363 2944 mihi
386 2902 505 2945 versum
530 2879 715 2968 languidum
736 2892 769 2951 et
785 2889 923 2972 ineptum
944 2884 1145 2972 expungenti.
1168 2881 1296 2946 Frustra
1318 2878 1417 2964 igitur

287 3007 382 3073 snut,
404 2997 457 3081 qui
478 2997 641 3084 corrigunt
663 2991 898 3088 κοίςερήσομαι,
920 3025 981 3088 quo
1003 3002 1087 3066 facto
1111 3022 1152 3064 vs.
1174 3021 1236 3064 nou
1260 2995 1357 3061 multo
1380 2992 1417 3056 iit

287 3111 484 3176 tolerabilior.

333 3227 388 3290 Vs.
412 3228 480 3290 rot
504 3249 581 3312 sqq.:
736 3262 773 3274 —
799 3223 930 3307 πνέοντ’,
947 3223 1052 3315 υίγριῦν
1074 3227 1210 3313 ταμίαν,

484 3340 624 3426 χρυσέαν
643 3330 725 3425 ῦρνα
742 3333 1067 3424 καλλιπλόκαμον
1085 3340 1255 3428 πορεῦσαι.

288 3453 454 3517 Nauckius
471 3455 623 3540 corrigere
647 3456 832 3540 occupavit:
855 3443 1095 3519 καλλίποκον
1117 3451 1288 3540 πορεῦσαι.
1310 3451 1348 3514 In
1362 3471 1417 3512 an·

288 3567 440 3653 tistrcplre
463 3568 652 3654 respondent
675 3569 765 3634 haec:

628 3681 785 3763 μολπαί
806 3675 836 3746 δ’
857 3673 982 3769 ῃύξοιντ’
1003 3679 1138 3764 ἐραταί

506 3790 647 3880 χρυσέας
662 3784 774 3879 ῦρνύς,
793 3785 820 3857 ιῦ
826 3816 844 3869 ς
864 3791 1043 3877 ἐπίλογοι
1069 3792 1204 3872 Θυέςου.

290 3907 473 3972 Nauckius:
497 3898 582 3971 εἶτα
605 3897 716 3971 ὄύλοι
741 3905 885 3990 Θυέςου,
906 3931 984 3993 quae
1004 3909 1181 3973 coniectura
1205 3916 1350 3991 corrupta
1372 3928 1420 3970 re-

289 4022 403 4106 linquit
423 4019 636 4107 praecedentia
660 4021 747 4102 (nam
766 4012 1297 4109 putrrulc1'2'50vrut-tipniigniliil
1320 4023 1420 4108 signi·

290 4139 377 4221 licat)
396 4159 453 4200 nec
473 4135 615 4210 vulneri,
640 4134 723 4218 quod
752 4140 857 4210 curat,
880 4134 1027 4199 medetur.
1055 4136 1217 4201 Fortasse:
1299 4157 1302 4162 ·

537 4245 708 4330 μόλπαις
728 4240 758 4313 δ’
776 4239 926 4326 αῦξονται
950 4240 1093 4337 αἷρεταί

538 4358 678 4448 χρυσέας
694 4350 792 4444 σίρνῦς
813 4351 1083 4426 τούπικλύπου
1108 4359 1243 4439 Θυέςου.
