<?xml version="1.0" encoding="UTF-8"?>
<!DOCTYPE html PUBLIC "-//W3C//DTD XHTML 1.0 Transitional//EN"
    "http://www.w3.org/TR/xhtml1/DTD/xhtml1-transitional.dtd">
<html xmlns="http://www.w3.org/1999/xhtml" xml:lang="en" lang="en">
 <head>
  <title>
</title>
<meta http-equiv="Content-Type" content="text/html;charset=utf-8" />
  <meta name='ocr-system' content='tesseract 3.04.00' />
  <meta name='ocr-capabilities' content='ocr_page ocr_carea ocr_par ocr_line ocrx_word'/>
</head>
<body>
  <div class='ocr_page' id='page_1' title='image "./exercitationesc00herwgoog_0063.png"; bbox 0 0 3024 5264; ppageno 0'>
   <div class='ocr_carea' id='block_1_1' title="bbox 638 467 713 556">
    <p class='ocr_par' dir='ltr' id='par_1_1' title="bbox 638 467 713 556">
     <span class='ocr_line' id='line_1_1' title="bbox 638 467 713 556; baseline 0 -29"><span class='ocrx_word' id='word_1_1' title='bbox 638 467 713 556; x_wconf 77' lang='grc' dir='ltr'>45Ι</span> 
     </span>
    </p>
   </div>
   <div class='ocr_carea' id='block_1_2' title="bbox 56 630 1220 2885">
    <p class='ocr_par' dir='ltr' id='par_1_2' title="bbox 129 630 1218 729">
     <span class='ocr_line' id='line_1_2' title="bbox 129 630 1218 729; baseline 0 -25"><span class='ocrx_word' id='word_1_2' title='bbox 129 640 248 707; x_wconf 84' lang='lat' dir='ltr'>Justin.</span> <span class='ocrx_word' id='word_1_3' title='bbox 274 639 368 704; x_wconf 88' lang='lat' dir='ltr'><strong>Mart.</strong></span> <span class='ocrx_word' id='word_1_4' title='bbox 390 638 426 702; x_wconf 86' lang='lat' dir='ltr'>de</span> <span class='ocrx_word' id='word_1_5' title='bbox 448 636 603 703; x_wconf 86' lang='lat' dir='ltr'>monaroh.</span> <span class='ocrx_word' id='word_1_6' title='bbox 616 661 644 724; x_wconf 92' lang='lat' dir='ltr'>p.</span> <span class='ocrx_word' id='word_1_7' title='bbox 663 643 747 705; x_wconf 84' lang='lat'>130:</span> <span class='ocrx_word' id='word_1_8' title='bbox 770 640 824 707; x_wconf 85' lang='grc' dir='ltr'>καὶ</span> <span class='ocrx_word' id='word_1_9' title='bbox 842 637 875 706; x_wconf 79' lang='grc' dir='ltr'>ἐν</span> <span class='ocrx_word' id='word_1_10' title='bbox 896 630 1218 729; x_wconf 78' lang='grc' dir='ltr'><em>Βελλεροφόντῃ·</em></span> 
     </span>
    </p>

    <p class='ocr_par' dir='ltr' id='par_1_3' title="bbox 244 742 1048 842">
     <span class='ocr_line' id='line_1_3' title="bbox 244 742 1048 842; baseline -0.004 -24"><span class='ocrx_word' id='word_1_11' title='bbox 244 752 348 842; x_wconf 78' lang='grc' dir='ltr'><em>Φηοίν</em></span> <span class='ocrx_word' id='word_1_12' title='bbox 365 774 415 827; x_wconf 90' lang='grc' dir='ltr'>τις</span> <span class='ocrx_word' id='word_1_13' title='bbox 434 747 513 818; x_wconf 76' lang='grc' dir='ltr'><em>εἶναι</em></span> <span class='ocrx_word' id='word_1_14' title='bbox 533 749 600 838; x_wconf 71' lang='grc' dir='ltr'>δῆτ’</span> <span class='ocrx_word' id='word_1_15' title='bbox 622 751 654 819; x_wconf 80' lang='grc' dir='ltr'>ἐν</span> <span class='ocrx_word' id='word_1_16' title='bbox 675 745 804 842; x_wconf 80' lang='grc' dir='ltr'><em>οὗρανηῖ</em></span> <span class='ocrx_word' id='word_1_17' title='bbox 819 742 944 836; x_wconf 47' lang='lat' dir='ltr'>&amp;emim</span> <span class='ocrx_word' id='word_1_18' title='bbox 1045 808 1048 815; x_wconf 93' lang='lat'>.</span> 
     </span>
    </p>

    <p class='ocr_par' dir='ltr' id='par_1_4' title="bbox 242 854 1028 953">
     <span class='ocr_line' id='line_1_4' title="bbox 242 854 1028 953; baseline 0 -23"><span class='ocrx_word' id='word_1_19' title='bbox 242 862 297 930; x_wconf 78' lang='grc' dir='ltr'>οὐκ</span> <span class='ocrx_word' id='word_1_20' title='bbox 316 863 412 947; x_wconf 85' lang='grc' dir='ltr'><em>εἰσίν,</em></span> <span class='ocrx_word' id='word_1_21' title='bbox 438 856 497 930; x_wconf 77' lang='lat' dir='ltr'>oria</span> <span class='ocrx_word' id='word_1_22' title='bbox 515 862 585 946; x_wconf 72' lang='grc' dir='ltr'><em>εἴπ’,</em></span> <span class='ocrx_word' id='word_1_23' title='bbox 607 866 639 931; x_wconf 84' lang='grc' dir='ltr'>εί</span> <span class='ocrx_word' id='word_1_24' title='bbox 658 887 709 940; x_wconf 87' lang='grc' dir='ltr'>τις</span> <span class='ocrx_word' id='word_1_25' title='bbox 727 854 916 953; x_wconf 70' lang='grc' dir='ltr'><em>ἀνθρώπων</em></span> <span class='ocrx_word' id='word_1_26' title='bbox 933 860 1028 930; x_wconf 72' lang='grc' dir='ltr'><em>θέλει</em></span> 
     </span>
    </p>

    <p class='ocr_par' dir='ltr' id='par_1_5' title="bbox 240 964 970 1066">
     <span class='ocr_line' id='line_1_5' title="bbox 240 964 970 1066; baseline -0.003 -25"><span class='ocrx_word' id='word_1_27' title='bbox 240 970 285 1066; x_wconf 79' lang='grc' dir='ltr'>μη</span> <span class='ocrx_word' id='word_1_28' title='bbox 304 977 353 1062; x_wconf 77' lang='grc' dir='ltr'>τῷ</span> <span class='ocrx_word' id='word_1_29' title='bbox 369 977 502 1061; x_wconf 84' lang='grc' dir='ltr'><em>παλαιηῖ</em></span> <span class='ocrx_word' id='word_1_30' title='bbox 516 978 626 1065; x_wconf 84' lang='grc' dir='ltr'><em>μῶρος</em></span> <span class='ocrx_word' id='word_1_31' title='bbox 644 968 690 1042; x_wconf 88' lang='grc' dir='ltr'>ών</span> <span class='ocrx_word' id='word_1_32' title='bbox 703 977 850 1065; x_wconf 72' lang='grc' dir='ltr'><em>χρῆσθαι</em></span> <span class='ocrx_word' id='word_1_33' title='bbox 868 964 970 1060; x_wconf 82' lang='grc' dir='ltr'><em>λόγῳ·</em></span> 
     </span>
    </p>

    <p class='ocr_par' dir='ltr' id='par_1_6' title="bbox 241 1077 1031 1179">
     <span class='ocr_line' id='line_1_6' title="bbox 241 1077 1031 1179; baseline -0.003 -25"><span class='ocrx_word' id='word_1_34' title='bbox 241 1088 416 1179; x_wconf 74' lang='grc' dir='ltr'><em>σκέψασθε</em></span> <span class='ocrx_word' id='word_1_35' title='bbox 432 1081 462 1154; x_wconf 80' lang='grc' dir='ltr'>δ’</span> <span class='ocrx_word' id='word_1_36' title='bbox 478 1081 561 1154; x_wconf 78' lang='grc' dir='ltr'><em>αὐτοὶ</em></span> <span class='ocrx_word' id='word_1_37' title='bbox 577 1082 629 1177; x_wconf 78' lang='grc' dir='ltr'>μη</span> <span class='ocrx_word' id='word_1_38' title='bbox 649 1087 705 1154; x_wconf 81' lang='grc' dir='ltr'>ἐπὶ</span> <span class='ocrx_word' id='word_1_39' title='bbox 725 1091 795 1164; x_wconf 90' lang='grc' dir='ltr'><em>τοῖς</em></span> <span class='ocrx_word' id='word_1_40' title='bbox 814 1085 904 1172; x_wconf 80' lang='grc' dir='ltr'><strong><em>ἐμοῖς</em></strong></span> <span class='ocrx_word' id='word_1_41' title='bbox 921 1077 1031 1172; x_wconf 81' lang='grc' dir='ltr'><strong><em>λόγοις</em></strong></span> 
     </span>
    </p>

    <p class='ocr_par' dir='ltr' id='par_1_7' title="bbox 239 1189 970 1289">
     <span class='ocr_line' id='line_1_7' title="bbox 239 1189 970 1289; baseline -0.003 -25"><span class='ocrx_word' id='word_1_42' title='bbox 239 1190 365 1288; x_wconf 86' lang='grc' dir='ltr'><em>γνώμην</em></span> <span class='ocrx_word' id='word_1_43' title='bbox 380 1194 517 1284; x_wconf 77' lang='grc' dir='ltr'><em>ἔχοντες.</em></span> <span class='ocrx_word' id='word_1_44' title='bbox 534 1189 617 1288; x_wconf 80' lang='grc' dir='ltr'><em>φήμ’</em></span> <span class='ocrx_word' id='word_1_45' title='bbox 634 1193 695 1286; x_wconf 83' lang='grc' dir='ltr'>ἐγώ</span> <span class='ocrx_word' id='word_1_46' title='bbox 714 1199 887 1289; x_wconf 72' lang='grc' dir='ltr'><strong><em>τυραννίδα</em></strong></span> <span class='ocrx_word' id='word_1_47' title='bbox 906 1194 970 1262; x_wconf 63' lang='lat' dir='ltr'>aaa</span> 
     </span>
    </p>

    <p class='ocr_par' dir='ltr' id='par_1_8' title="bbox 128 1301 1219 1400">
     <span class='ocr_line' id='line_1_8' title="bbox 128 1301 1219 1400; baseline -0.004 -20"><span class='ocrx_word' id='word_1_48' title='bbox 128 1301 262 1400; x_wconf 82' lang='grc' dir='ltr'><em>Γνώμην</em></span> <span class='ocrx_word' id='word_1_49' title='bbox 287 1306 370 1395; x_wconf 76' lang='grc' dir='ltr'><em>ἔχειν</em></span> <span class='ocrx_word' id='word_1_50' title='bbox 388 1310 444 1377; x_wconf 81' lang='grc' dir='ltr'>ἐπί</span> <span class='ocrx_word' id='word_1_51' title='bbox 463 1335 524 1377; x_wconf 91' lang='grc' dir='ltr'><em>τινι</em></span> <span class='ocrx_word' id='word_1_52' title='bbox 544 1311 626 1376; x_wconf 88' lang='lat' dir='ltr'>idem</span> <span class='ocrx_word' id='word_1_53' title='bbox 649 1310 740 1390; x_wconf 87' lang='lat' dir='ltr'><strong>valet,</strong></span> <span class='ocrx_word' id='word_1_54' title='bbox 763 1335 800 1378; x_wconf 88' lang='lat' dir='ltr'>ao</span> <span class='ocrx_word' id='word_1_55' title='bbox 819 1313 846 1376; x_wconf 85' lang='lat' dir='ltr'>si</span> <span class='ocrx_word' id='word_1_56' title='bbox 869 1311 901 1374; x_wconf 93' lang='lat' dir='ltr'>in</span> <span class='ocrx_word' id='word_1_57' title='bbox 924 1307 1058 1395; x_wconf 79' lang='lat' dir='ltr'>pedestri</span> <span class='ocrx_word' id='word_1_58' title='bbox 1080 1310 1219 1376; x_wconf 84' lang='lat' dir='ltr'>oratione</span> 
     </span>
    </p>

    <p class='ocr_par' dir='ltr' id='par_1_9' title="bbox 56 1415 1220 2546">
     <span class='ocr_line' id='line_1_9' title="bbox 82 1415 1220 1513; baseline -0.002 -22"><span class='ocrx_word' id='word_1_59' title='bbox 82 1424 172 1491; x_wconf 82' lang='lat' dir='ltr'>dinae</span> <span class='ocrx_word' id='word_1_60' title='bbox 193 1416 252 1513; x_wconf 78' lang='grc' dir='ltr'>την</span> <span class='ocrx_word' id='word_1_61' title='bbox 275 1415 400 1512; x_wconf 89' lang='grc' dir='ltr'><em>γνώμην</em></span> <span class='ocrx_word' id='word_1_62' title='bbox 419 1419 605 1512; x_wconf 81' lang='grc' dir='ltr'><em>προσέχειν,</em></span> <span class='ocrx_word' id='word_1_63' title='bbox 627 1426 674 1492; x_wconf 85' lang='lat' dir='ltr'>vel</span> <span class='ocrx_word' id='word_1_64' title='bbox 698 1419 756 1495; x_wconf 77' lang='grc' dir='ltr'>τόν</span> <span class='ocrx_word' id='word_1_65' title='bbox 775 1428 856 1505; x_wconf 77' lang='grc' dir='ltr'><em>νοῦν,</em></span> <span class='ocrx_word' id='word_1_66' title='bbox 875 1425 923 1491; x_wconf 83' lang='lat' dir='ltr'>vel</span> <span class='ocrx_word' id='word_1_67' title='bbox 945 1424 1027 1490; x_wconf 88' lang='lat' dir='ltr'>nude</span> <span class='ocrx_word' id='word_1_68' title='bbox 1046 1422 1220 1513; x_wconf 79' lang='grc' dir='ltr'><em>προσέχειν</em></span> 
     </span>
     <span class='ocr_line' id='line_1_10' title="bbox 81 1526 1217 1630; baseline -0.004 -26"><span class='ocrx_word' id='word_1_69' title='bbox 81 1539 147 1606; x_wconf 81' lang='grc' dir='ltr'><em>τινὶ</em></span> <span class='ocrx_word' id='word_1_70' title='bbox 167 1563 190 1606; x_wconf 81' lang='lat' dir='ltr'>a.</span> <span class='ocrx_word' id='word_1_71' title='bbox 208 1526 294 1623; x_wconf 82' lang='grc' dir='ltr'><em>πρός</em></span> <span class='ocrx_word' id='word_1_72' title='bbox 312 1559 344 1601; x_wconf 85' lang='grc' dir='ltr'>τι</span> <span class='ocrx_word' id='word_1_73' title='bbox 351 1562 363 1619; x_wconf 87' lang='grc'>,·</span> <span class='ocrx_word' id='word_1_74' title='bbox 395 1560 493 1623; x_wconf 86' lang='lat' dir='ltr'>neque</span> <span class='ocrx_word' id='word_1_75' title='bbox 515 1541 614 1627; x_wconf 86' lang='lat' dir='ltr'>igitur</span> <span class='ocrx_word' id='word_1_76' title='bbox 628 1543 829 1630; x_wconf 55' lang='lat' dir='ltr'>¹interpretari</span> <span class='ocrx_word' id='word_1_77' title='bbox 847 1542 941 1619; x_wconf 86' lang='lat' dir='ltr'>linet,</span> <span class='ocrx_word' id='word_1_78' title='bbox 961 1546 997 1605; x_wconf 91' lang='lat' dir='ltr'>nt</span> <span class='ocrx_word' id='word_1_79' title='bbox 1020 1539 1085 1604; x_wconf 86' lang='lat' dir='ltr'>fieri</span> <span class='ocrx_word' id='word_1_80' title='bbox 1108 1536 1217 1602; x_wconf 67' lang='lat' dir='ltr'>rideo,</span> 
     </span>
     <span class='ocr_line' id='line_1_11' title="bbox 81 1653 1217 1744; baseline -0.003 -26"><span class='ocrx_word' id='word_1_81' title='bbox 81 1676 145 1718; x_wconf 85' lang='grc' dir='ltr'><em>ιιοο</em></span> <span class='ocrx_word' id='word_1_82' title='bbox 167 1654 266 1718; x_wconf 74' lang='lat' dir='ltr'>verbio</span> <span class='ocrx_word' id='word_1_83' title='bbox 287 1656 366 1717; x_wconf 82' lang='lat' dir='ltr'>moia</span> <span class='ocrx_word' id='word_1_84' title='bbox 384 1656 480 1739; x_wconf 81' lang='lat' dir='ltr'>fidem</span> <span class='ocrx_word' id='word_1_85' title='bbox 503 1656 667 1736; x_wconf 67' lang='grc' dir='ltr'><em>λαλαιιλιες</em></span> <span class='ocrx_word' id='word_1_86' title='bbox 691 1665 722 1726; x_wconf 89' lang='lat' dir='ltr'>et</span> <span class='ocrx_word' id='word_1_87' title='bbox 733 1659 902 1744; x_wconf 85' lang='lat' dir='ltr'>requiritur</span> <span class='ocrx_word' id='word_1_88' title='bbox 913 1657 1017 1743; x_wconf 83' lang='lat' dir='ltr'>ipsum</span> <span class='ocrx_word' id='word_1_89' title='bbox 1029 1653 1217 1718; x_wconf 86' lang='lat' dir='ltr'>eontrarium</span> 
     </span>
     <span class='ocr_line' id='line_1_12' title="bbox 82 1765 1218 1862; baseline -0.003 -29"><span class='ocrx_word' id='word_1_90' title='bbox 82 1791 175 1854; x_wconf 91' lang='lat' dir='ltr'>qnam</span> <span class='ocrx_word' id='word_1_91' title='bbox 191 1769 233 1846; x_wconf 88' lang='lat' dir='ltr'>id,</span> <span class='ocrx_word' id='word_1_92' title='bbox 259 1769 341 1855; x_wconf 88' lang='lat' dir='ltr'>qnod</span> <span class='ocrx_word' id='word_1_93' title='bbox 364 1770 466 1834; x_wconf 75' lang='lat' dir='ltr'>estin</span> <span class='ocrx_word' id='word_1_94' title='bbox 488 1769 633 1859; x_wconf 77' lang='lat' dir='ltr'><strong>vulgatis,</strong></span> <span class='ocrx_word' id='word_1_95' title='bbox 654 1766 875 1862; x_wconf 62' lang='grc' dir='ltr'><em>μη-ἐγοντες.</em></span> <span class='ocrx_word' id='word_1_96' title='bbox 895 1771 1016 1837; x_wconf 80' lang='lat' dir='ltr'><strong>Invitat</strong></span> <span class='ocrx_word' id='word_1_97' title='bbox 1042 1769 1122 1834; x_wconf 84' lang='lat' dir='ltr'>enim</span> <span class='ocrx_word' id='word_1_98' title='bbox 1146 1765 1218 1831; x_wconf 88' lang='lat' dir='ltr'>Bel·</span> 
     </span>
     <span class='ocr_line' id='line_1_13' title="bbox 81 1882 1216 1970; baseline -0.001 -22"><span class='ocrx_word' id='word_1_99' title='bbox 81 1882 278 1970; x_wconf 78' lang='lat' dir='ltr'>lerophontes</span> <span class='ocrx_word' id='word_1_100' title='bbox 290 1889 493 1970; x_wconf 79' lang='lat' dir='ltr'>spectatores,</span> <span class='ocrx_word' id='word_1_101' title='bbox 516 1891 561 1961; x_wconf 92' lang='lat' dir='ltr'>nt,</span> <span class='ocrx_word' id='word_1_102' title='bbox 585 1888 678 1952; x_wconf 84' lang='lat' dir='ltr'>missa</span> <span class='ocrx_word' id='word_1_103' title='bbox 693 1895 793 1953; x_wconf 85' lang='lat' dir='ltr'>vetere</span> <span class='ocrx_word' id='word_1_104' title='bbox 815 1887 1055 1964; x_wconf 78' lang='lat' dir='ltr'>existimatione,</span> <span class='ocrx_word' id='word_1_105' title='bbox 1079 1884 1216 1949; x_wconf 91' lang='lat' dir='ltr'>animum</span> 
     </span>
     <span class='ocr_line' id='line_1_14' title="bbox 56 1998 1214 2087; baseline -0.001 -23"><span class='ocrx_word' id='word_1_106' title='bbox 56 2024 58 2029; x_wconf 94' lang='lat'>·</span> <span class='ocrx_word' id='word_1_107' title='bbox 82 1999 248 2066; x_wconf 78' lang='lat' dir='ltr'><strong>advertant</strong></span> <span class='ocrx_word' id='word_1_108' title='bbox 269 2000 364 2079; x_wconf 80' lang='lat' dir='ltr'><strong>adea,</strong></span> <span class='ocrx_word' id='word_1_109' title='bbox 387 2022 465 2086; x_wconf 88' lang='lat' dir='ltr'>quae</span> <span class='ocrx_word' id='word_1_110' title='bbox 488 2001 553 2087; x_wconf 82' lang='lat' dir='ltr'>ipae</span> <span class='ocrx_word' id='word_1_111' title='bbox 576 2001 720 2069; x_wconf 82' lang='lat' dir='ltr'>diotnrna</span> <span class='ocrx_word' id='word_1_112' title='bbox 743 2004 796 2068; x_wconf 86' lang='lat' dir='ltr'>eit.</span> <span class='ocrx_word' id='word_1_113' title='bbox 817 2002 889 2076; x_wconf 83' lang='lat' dir='ltr'>Quo</span> <span class='ocrx_word' id='word_1_114' title='bbox 911 2002 1005 2080; x_wconf 83' lang='lat' dir='ltr'>fanto,</span> <span class='ocrx_word' id='word_1_115' title='bbox 1028 2022 1113 2066; x_wconf 82' lang='lat' dir='ltr'>anam</span> <span class='ocrx_word' id='word_1_116' title='bbox 1138 1998 1214 2064; x_wconf 86' lang='lat' dir='ltr'>doo-</span> 
     </span>
     <span class='ocr_line' id='line_1_15' title="bbox 81 2107 1215 2205; baseline -0.002 -26"><span class='ocrx_word' id='word_1_117' title='bbox 81 2115 196 2180; x_wconf 89' lang='lat' dir='ltr'>trinam</span> <span class='ocrx_word' id='word_1_118' title='bbox 220 2116 265 2180; x_wconf 84' lang='lat' dir='ltr'>sie</span> <span class='ocrx_word' id='word_1_119' title='bbox 284 2137 435 2202; x_wconf 83' lang='lat' dir='ltr'>exponere</span> <span class='ocrx_word' id='word_1_120' title='bbox 457 2115 587 2202; x_wconf 80' lang='lat' dir='ltr'>incipit:</span> <span class='ocrx_word' id='word_1_121' title='bbox 612 2107 695 2205; x_wconf 78' lang='grc' dir='ltr'><em>φήμ’</em></span> <span class='ocrx_word' id='word_1_122' title='bbox 716 2108 779 2202; x_wconf 81' lang='grc' dir='ltr'>ἐγώ</span> <span class='ocrx_word' id='word_1_123' title='bbox 798 2112 863 2180; x_wconf 73' lang='lat' dir='ltr'>nrt.</span> <span class='ocrx_word' id='word_1_124' title='bbox 887 2114 975 2189; x_wconf 82' lang='lat' dir='ltr'><strong>Quae</strong></span> <span class='ocrx_word' id='word_1_125' title='bbox 996 2115 1023 2180; x_wconf 85' lang='lat' dir='ltr'>ai</span> <span class='ocrx_word' id='word_1_126' title='bbox 1045 2119 1128 2180; x_wconf 84' lang='lat' dir='ltr'>reete</span> <span class='ocrx_word' id='word_1_127' title='bbox 1151 2113 1215 2178; x_wconf 87' lang='lat' dir='ltr'>dia·</span> 
     </span>
     <span class='ocr_line' id='line_1_16' title="bbox 80 2227 1214 2318; baseline -0.003 -24"><span class='ocrx_word' id='word_1_128' title='bbox 80 2230 200 2316; x_wconf 87' lang='lat' dir='ltr'><strong>putavi,</strong></span> <span class='ocrx_word' id='word_1_129' title='bbox 219 2230 304 2309; x_wconf 82' lang='lat' dir='ltr'>satie,</span> <span class='ocrx_word' id='word_1_130' title='bbox 329 2230 431 2309; x_wconf 87' lang='lat' dir='ltr'>oredo,</span> <span class='ocrx_word' id='word_1_131' title='bbox 453 2235 578 2318; x_wconf 89' lang='lat' dir='ltr'>apparet</span> <span class='ocrx_word' id='word_1_132' title='bbox 603 2252 666 2295; x_wconf 92' lang='lat' dir='ltr'>non</span> <span class='ocrx_word' id='word_1_133' title='bbox 690 2230 827 2295; x_wconf 83' lang='lat' dir='ltr'>enffioere</span> <span class='ocrx_word' id='word_1_134' title='bbox 853 2227 961 2295; x_wconf 92' lang='lat' dir='ltr'>Bothii</span> <span class='ocrx_word' id='word_1_135' title='bbox 992 2227 1214 2295; x_wconf 80' lang='lat' dir='ltr'>correctionem</span> 
     </span>
     <span class='ocr_line' id='line_1_17' title="bbox 79 2338 1214 2434; baseline -0.001 -27"><span class='ocrx_word' id='word_1_136' title='bbox 79 2340 260 2432; x_wconf 73' lang='grc' dir='ltr'><em>σκέψασθε</em></span> <span class='ocrx_word' id='word_1_137' title='bbox 289 2338 319 2410; x_wconf 79' lang='grc' dir='ltr'>δ’</span> <span class='ocrx_word' id='word_1_138' title='bbox 336 2340 430 2411; x_wconf 70' lang='grc' dir='ltr'><em>αιῖτοί</em></span> <span class='ocrx_word' id='word_1_139' title='bbox 468 2346 618 2434; x_wconf 78' lang='lat' dir='ltr'>legentis,</span> <span class='ocrx_word' id='word_1_140' title='bbox 652 2366 745 2430; x_wconf 89' lang='lat' dir='ltr'>qnam</span> <span class='ocrx_word' id='word_1_141' title='bbox 779 2344 944 2412; x_wconf 86' lang='lat' dir='ltr'>Nanokiua</span> <span class='ocrx_word' id='word_1_142' title='bbox 974 2344 1098 2432; x_wconf 85' lang='lat' dir='ltr'>recepit.</span> <span class='ocrx_word' id='word_1_143' title='bbox 1144 2340 1214 2429; x_wconf 75' lang='lat' dir='ltr'>Ego</span> 
     </span>
     <span class='ocr_line' id='line_1_18' title="bbox 79 2460 239 2546; baseline -0.006 -22"><span class='ocrx_word' id='word_1_144' title='bbox 79 2460 239 2546; x_wconf 84' lang='lat' dir='ltr'>enepioor:</span> 
     </span>
    </p>

    <p class='ocr_par' dir='ltr' id='par_1_10' title="bbox 229 2562 1049 2663">
     <span class='ocr_line' id='line_1_19' title="bbox 229 2562 1049 2663; baseline -0.001 -23"><span class='ocrx_word' id='word_1_145' title='bbox 229 2569 409 2662; x_wconf 73' lang='grc' dir='ltr'><em>Σκίψαοθε</em></span> <span class='ocrx_word' id='word_1_146' title='bbox 427 2570 456 2639; x_wconf 76' lang='grc' dir='ltr'>δ’</span> <span class='ocrx_word' id='word_1_147' title='bbox 474 2562 544 2640; x_wconf 80' lang='grc' dir='ltr'><em>αὖτ’</em></span> <span class='ocrx_word' id='word_1_148' title='bbox 564 2564 660 2663; x_wconf 57' lang='lat' dir='ltr'>titan,</span> <span class='ocrx_word' id='word_1_149' title='bbox 682 2569 731 2639; x_wconf 79' lang='grc' dir='ltr'>’πὶ</span> <span class='ocrx_word' id='word_1_150' title='bbox 749 2576 819 2649; x_wconf 90' lang='grc' dir='ltr'><em>τοῖς</em></span> <span class='ocrx_word' id='word_1_151' title='bbox 836 2571 927 2655; x_wconf 80' lang='grc' dir='ltr'><em>ἐμοῖς</em></span> <span class='ocrx_word' id='word_1_152' title='bbox 940 2563 1049 2660; x_wconf 80' lang='grc' dir='ltr'><em>λόγοις</em></span> 
     </span>
    </p>

    <p class='ocr_par' dir='ltr' id='par_1_11' title="bbox 227 2674 889 2775">
     <span class='ocr_line' id='line_1_20' title="bbox 227 2674 889 2775; baseline 0.003 -27"><span class='ocrx_word' id='word_1_153' title='bbox 227 2674 351 2772; x_wconf 88' lang='grc' dir='ltr'><em>γνώμην</em></span> <span class='ocrx_word' id='word_1_154' title='bbox 370 2679 516 2768; x_wconf 76' lang='grc' dir='ltr'><em>ἔχοντες·</em></span> <span class='ocrx_word' id='word_1_155' title='bbox 539 2677 620 2775; x_wconf 77' lang='grc' dir='ltr'><em>φήμ’</em></span> <span class='ocrx_word' id='word_1_156' title='bbox 638 2678 701 2771; x_wconf 82' lang='grc' dir='ltr'>ἐγώ</span> <span class='ocrx_word' id='word_1_157' title='bbox 718 2683 889 2772; x_wconf 75' lang='grc' dir='ltr'>τυραννίδα</span> 
     </span>
    </p>

    <p class='ocr_par' dir='ltr' id='par_1_12' title="bbox 227 2786 1013 2885">
     <span class='ocr_line' id='line_1_21' title="bbox 227 2786 1013 2885; baseline 0.001 -25"><span class='ocrx_word' id='word_1_158' title='bbox 227 2794 358 2862; x_wconf 79' lang='grc' dir='ltr'><em>κτείνειν</em></span> <span class='ocrx_word' id='word_1_159' title='bbox 374 2819 411 2864; x_wconf 86' lang='grc' dir='ltr'>τε</span> <span class='ocrx_word' id='word_1_160' title='bbox 428 2797 583 2878; x_wconf 85' lang='grc' dir='ltr'><em>πλείςοος</em></span> <span class='ocrx_word' id='word_1_161' title='bbox 599 2786 765 2885; x_wconf 75' lang='grc' dir='ltr'><em>κτημάτων</em></span> <span class='ocrx_word' id='word_1_162' title='bbox 783 2790 811 2859; x_wconf 87' lang='grc' dir='ltr'>τ’</span> <span class='ocrx_word' id='word_1_163' title='bbox 831 2791 1013 2885; x_wconf 80' lang='grc' dir='ltr'><em>οῖποςερεῖν.</em></span> 
     </span>
    </p>
   </div>
   <div class='ocr_carea' id='block_1_3' title="bbox 77 3064 1213 4491">
    <p class='ocr_par' dir='ltr' id='par_1_13' title="bbox 77 3064 1213 4491">
     <span class='ocr_line' id='line_1_22' title="bbox 123 3064 1213 3154; baseline 0 -23"><span class='ocrx_word' id='word_1_164' title='bbox 123 3067 213 3140; x_wconf 77' lang='lat' dir='ltr'>Quae</span> <span class='ocrx_word' id='word_1_165' title='bbox 236 3071 409 3153; x_wconf 84' lang='lat' dir='ltr'>sequnntur</span> <span class='ocrx_word' id='word_1_166' title='bbox 430 3068 542 3134; x_wconf 87' lang='lat' dir='ltr'>ibidem</span> <span class='ocrx_word' id='word_1_167' title='bbox 565 3067 655 3154; x_wconf 89' lang='lat' dir='ltr'><strong>plana</strong></span> <span class='ocrx_word' id='word_1_168' title='bbox 678 3071 753 3132; x_wconf 83' lang='lat' dir='ltr'>annt</span> <span class='ocrx_word' id='word_1_169' title='bbox 774 3070 806 3130; x_wconf 90' lang='lat' dir='ltr'>et</span> <span class='ocrx_word' id='word_1_170' title='bbox 828 3071 897 3151; x_wconf 86' lang='lat' dir='ltr'>apte</span> <span class='ocrx_word' id='word_1_171' title='bbox 920 3064 1088 3131; x_wconf 85' lang='lat' dir='ltr'>deenrrnnt</span> <span class='ocrx_word' id='word_1_172' title='bbox 1115 3087 1213 3151; x_wconf 85' lang='lat' dir='ltr'>nsque</span> 
     </span>
     <span class='ocr_line' id='line_1_23' title="bbox 78 3182 694 3247; baseline 0.002 -1"><span class='ocrx_word' id='word_1_173' title='bbox 78 3182 118 3247; x_wconf 89' lang='lat' dir='ltr'>ad</span> <span class='ocrx_word' id='word_1_174' title='bbox 139 3205 183 3247; x_wconf 85' lang='lat' dir='ltr'>vs.</span> <span class='ocrx_word' id='word_1_175' title='bbox 209 3184 265 3247; x_wconf 84' lang='lat'>13:</span> <span class='ocrx_word' id='word_1_176' title='bbox 691 3189 694 3192; x_wconf 80' lang='grc'><strong>’</strong></span> 
     </span>
     <span class='ocr_line' id='line_1_24' title="bbox 235 3284 974 3383; baseline -0.007 -19"><span class='ocrx_word' id='word_1_177' title='bbox 235 3288 325 3380; x_wconf 81' lang='grc' dir='ltr'><em>οἶμαι</em></span> <span class='ocrx_word' id='word_1_178' title='bbox 345 3290 375 3363; x_wconf 79' lang='grc' dir='ltr'>δ’</span> <span class='ocrx_word' id='word_1_179' title='bbox 397 3289 437 3363; x_wconf 69' lang='lat' dir='ltr'>tte</span> <span class='ocrx_word' id='word_1_180' title='bbox 455 3287 559 3379; x_wconf 77' lang='grc' dir='ltr'><em>ώμᾶς,</em></span> <span class='ocrx_word' id='word_1_181' title='bbox 581 3296 614 3361; x_wconf 79' lang='grc' dir='ltr'>τί</span> <span class='ocrx_word' id='word_1_182' title='bbox 630 3316 681 3369; x_wconf 89' lang='grc' dir='ltr'>τις</span> <span class='ocrx_word' id='word_1_183' title='bbox 699 3284 799 3383; x_wconf 80' lang='grc' dir='ltr'><em>ιῖργὸς</em></span> <span class='ocrx_word' id='word_1_184' title='bbox 817 3285 862 3359; x_wconf 87' lang='grc' dir='ltr'>ών</span> <span class='ocrx_word' id='word_1_185' title='bbox 878 3296 974 3370; x_wconf 72' lang='grc' dir='ltr'><em>θεοῖς</em></span> 
     </span>
     <span class='ocr_line' id='line_1_25' title="bbox 234 3399 878 3495; baseline -0.005 -21"><span class='ocrx_word' id='word_1_186' title='bbox 234 3399 362 3492; x_wconf 83' lang='grc' dir='ltr'><em>εὕχοιτο</em></span> <span class='ocrx_word' id='word_1_187' title='bbox 382 3407 435 3473; x_wconf 84' lang='grc' dir='ltr'>καί</span> <span class='ocrx_word' id='word_1_188' title='bbox 458 3401 503 3495; x_wconf 76' lang='grc' dir='ltr'>μη</span> <span class='ocrx_word' id='word_1_189' title='bbox 522 3406 608 3494; x_wconf 83' lang='grc' dir='ltr'><em>χειρί</em></span> <span class='ocrx_word' id='word_1_190' title='bbox 628 3403 777 3491; x_wconf 80' lang='grc' dir='ltr'><em>σολλίγοι</em></span> <span class='ocrx_word' id='word_1_191' title='bbox 790 3405 878 3487; x_wconf 84' lang='grc' dir='ltr'><em>βίον,</em></span> 
     </span>
     <span class='ocr_line' id='line_1_26' title="bbox 233 3513 1110 3607; baseline 0 -23"><span class='ocrx_word' id='word_1_192' title='bbox 233 3513 279 3585; x_wconf 77' lang='grc' dir='ltr'>τοὶ</span> <span class='ocrx_word' id='word_1_193' title='bbox 296 3523 393 3584; x_wconf 77' lang='grc' dir='ltr'><em>θεῖα</em></span> <span class='ocrx_word' id='word_1_194' title='bbox 410 3519 628 3606; x_wconf 81' lang='grc' dir='ltr'><em>ποργοῦσιν</em></span> <span class='ocrx_word' id='word_1_195' title='bbox 647 3516 873 3584; x_wconf 69' lang='lat' dir='ltr'>attenuatae</span> <span class='ocrx_word' id='word_1_196' title='bbox 897 3515 1110 3607; x_wconf 79' lang='grc' dir='ltr'><em>συμφοραί·</em></span> 
     </span>
     <span class='ocr_line' id='line_1_27' title="bbox 125 3631 1213 3718; baseline -0.003 -21"><span class='ocrx_word' id='word_1_197' title='bbox 125 3631 191 3697; x_wconf 89' lang='lat' dir='ltr'>Alii</span> <span class='ocrx_word' id='word_1_198' title='bbox 210 3632 271 3698; x_wconf 88' lang='lat' dir='ltr'>alia</span> <span class='ocrx_word' id='word_1_199' title='bbox 294 3634 484 3712; x_wconf 73' lang='lat' dir='ltr'>conficiunt,</span> <span class='ocrx_word' id='word_1_200' title='bbox 505 3653 634 3718; x_wconf 87' lang='lat' dir='ltr'>qnorum</span> <span class='ocrx_word' id='word_1_201' title='bbox 657 3633 848 3718; x_wconf 76' lang='lat' dir='ltr'>suspiciones</span> <span class='ocrx_word' id='word_1_202' title='bbox 860 3637 1016 3697; x_wconf 85' lang='lat' dir='ltr'>enumerat</span> <span class='ocrx_word' id='word_1_203' title='bbox 1038 3632 1213 3718; x_wconf 83' lang='lat' dir='ltr'>Wagnerne</span> 
     </span>
     <span class='ocr_line' id='line_1_28' title="bbox 78 3747 842 3836; baseline -0.003 -23"><span class='ocrx_word' id='word_1_204' title='bbox 78 3748 132 3834; x_wconf 89' lang='lat' dir='ltr'>(fr.</span> <span class='ocrx_word' id='word_1_205' title='bbox 157 3750 244 3834; x_wconf 78' lang='lat'>293).</span> <span class='ocrx_word' id='word_1_206' title='bbox 267 3751 355 3835; x_wconf 85' lang='lat' dir='ltr'>Ipse,</span> <span class='ocrx_word' id='word_1_207' title='bbox 373 3770 412 3813; x_wconf 86' lang='lat' dir='ltr'>ne</span> <span class='ocrx_word' id='word_1_208' title='bbox 434 3747 547 3836; x_wconf 82' lang='lat' dir='ltr'>longus</span> <span class='ocrx_word' id='word_1_209' title='bbox 570 3770 657 3825; x_wconf 81' lang='lat' dir='ltr'>sum,</span> <span class='ocrx_word' id='word_1_210' title='bbox 684 3749 842 3834; x_wconf 80' lang='lat' dir='ltr'>suspicor:</span> 
     </span>
     <span class='ocr_line' id='line_1_29' title="bbox 183 3849 1092 3947; baseline 0 -22"><span class='ocrx_word' id='word_1_211' title='bbox 183 3865 345 3944; x_wconf 72' lang='grc' dir='ltr'><em>μαθεῖν,</em></span> <span class='ocrx_word' id='word_1_212' title='bbox 375 3853 586 3947; x_wconf 77' lang='grc' dir='ltr'><em>α’πείργειν</em></span> <span class='ocrx_word' id='word_1_213' title='bbox 613 3861 648 3926; x_wconf 79' lang='grc' dir='ltr'>εἰ</span> <span class='ocrx_word' id='word_1_214' title='bbox 672 3859 862 3926; x_wconf 77' lang='grc' dir='ltr'><em>σθένοοοι</em></span> <span class='ocrx_word' id='word_1_215' title='bbox 881 3849 1092 3947; x_wconf 81' lang='grc' dir='ltr'><em>συμφοράς</em></span> 
     </span>
     <span class='ocr_line' id='line_1_30' title="bbox 81 3969 1213 4062; baseline 0.001 -25"><span class='ocrx_word' id='word_1_216' title='bbox 81 3969 317 4060; x_wconf 65' lang='lat' dir='ltr'>(reiterant),</span> <span class='ocrx_word' id='word_1_217' title='bbox 329 3974 441 4039; x_wconf 82' lang='lat' dir='ltr'>collato</span> <span class='ocrx_word' id='word_1_218' title='bbox 457 3976 564 4061; x_wconf 85' lang='lat' dir='ltr'>fragm.</span> <span class='ocrx_word' id='word_1_219' title='bbox 576 3998 613 4040; x_wconf 86' lang='lat' dir='ltr'>ex</span> <span class='ocrx_word' id='word_1_220' title='bbox 625 3975 796 4060; x_wconf 75' lang='lat' dir='ltr'>Hippolyto</span> <span class='ocrx_word' id='word_1_221' title='bbox 808 3976 888 4062; x_wconf 73' lang='lat'>(449</span> <span class='ocrx_word' id='word_1_222' title='bbox 900 3973 927 4039; x_wconf 91' lang='lat' dir='ltr'>b.</span> <span class='ocrx_word' id='word_1_223' title='bbox 941 3996 987 4059; x_wconf 84' lang='lat' dir='ltr'>ap.</span> <span class='ocrx_word' id='word_1_224' title='bbox 1000 3974 1213 4061; x_wconf 82' lang='lat' dir='ltr'>Wagnerum):</span> 
     </span>
     <span class='ocr_line' id='line_1_31' title="bbox 203 4078 1063 4175; baseline 0.005 -26"><span class='ocrx_word' id='word_1_225' title='bbox 203 4085 257 4151; x_wconf 85' lang='grc' dir='ltr'>καὶ</span> <span class='ocrx_word' id='word_1_226' title='bbox 269 4078 353 4153; x_wconf 78' lang='grc' dir='ltr'><em>τόνδ’</em></span> <span class='ocrx_word' id='word_1_227' title='bbox 366 4084 574 4175; x_wconf 78' lang='grc' dir='ltr'><em>ἀπείργειν</em></span> <span class='ocrx_word' id='word_1_228' title='bbox 596 4081 696 4155; x_wconf 80' lang='grc' dir='ltr'><em>οὐδ’ὁ</em></span> <span class='ocrx_word' id='word_1_229' title='bbox 715 4081 903 4175; x_wconf 74' lang='grc' dir='ltr'><em>παγκρατης</em></span> <span class='ocrx_word' id='word_1_230' title='bbox 925 4084 1063 4153; x_wconf 76' lang='grc' dir='ltr'><em>σθένει</em></span> 
     </span>
     <span class='ocr_line' id='line_1_32' title="bbox 203 4191 370 4272; baseline 0.018 -10"><span class='ocrx_word' id='word_1_231' title='bbox 203 4191 289 4272; x_wconf 64' lang='lat' dir='ltr'>Zeta</span> <span class='ocrx_word' id='word_1_232' title='bbox 307 4197 370 4265; x_wconf 74' lang='grc' dir='ltr'>κτὲ.</span> 
     </span>
     <span class='ocr_line' id='line_1_33' title="bbox 123 4310 1213 4379; baseline 0.003 -8"><span class='ocrx_word' id='word_1_233' title='bbox 123 4310 256 4376; x_wconf 86' lang='lat' dir='ltr'>Leniore</span> <span class='ocrx_word' id='word_1_234' title='bbox 277 4318 378 4379; x_wconf 88' lang='lat' dir='ltr'>tamen</span> <span class='ocrx_word' id='word_1_235' title='bbox 402 4314 576 4378; x_wconf 86' lang='lat' dir='ltr'>mutatione</span> <span class='ocrx_word' id='word_1_236' title='bbox 598 4318 629 4378; x_wconf 88' lang='lat' dir='ltr'>et</span> <span class='ocrx_word' id='word_1_237' title='bbox 642 4335 734 4378; x_wconf 85' lang='lat' dir='ltr'>sensu</span> <span class='ocrx_word' id='word_1_238' title='bbox 754 4314 806 4378; x_wconf 85' lang='lat' dir='ltr'>vix</span> <span class='ocrx_word' id='word_1_239' title='bbox 829 4313 931 4378; x_wconf 88' lang='lat' dir='ltr'>minue</span> <span class='ocrx_word' id='word_1_240' title='bbox 952 4312 1111 4377; x_wconf 88' lang='lat' dir='ltr'>commodo</span> <span class='ocrx_word' id='word_1_241' title='bbox 1139 4332 1213 4375; x_wconf 88' lang='lat' dir='ltr'>oon·</span> 
     </span>
     <span class='ocr_line' id='line_1_34' title="bbox 77 4426 238 4491; baseline 0 -3"><span class='ocrx_word' id='word_1_242' title='bbox 77 4426 220 4491; x_wconf 84' lang='lat' dir='ltr'>iioiebam</span> <span class='ocrx_word' id='word_1_243' title='bbox 231 4451 238 4488; x_wconf 83' lang='lat' dir='ltr'>r</span> 
     </span>
    </p>
   </div>
   <div class='ocr_carea' id='block_1_4' title="bbox 0 0 1516 5264">
    <p class='ocr_par' dir='ltr' id='par_1_14' title="bbox 0 0 1516 5264">
     <span class='ocr_line' id='line_1_35' title="bbox 0 0 1516 5264; baseline 0 2"><span class='ocrx_word' id='word_1_244' title='bbox 0 0 1516 5264; x_wconf 95' lang='lat' dir='ltr'> </span> 
     </span>
    </p>
   </div>
  </div>
 </body>
</html>
