3024 5264
706 473 779 569 Ι67

239 637 336 706 clem.
358 640 448 705 Alex.
472 643 585 706 Strom.
610 641 639 703 V
662 666 691 728 p.
715 646 796 707 688:

315 778 355 818 vs.
378 762 394 815 6
416 748 456 818 οὐ
478 749 539 841 γάρ
561 750 594 819 ε”ν
614 778 651 819 νε
673 758 761 828 θεοῖς
779 758 849 830 τοῖς
871 755 1054 846 οὐρανίδαις

397 867 560 954 σκῆπτρον
579 859 617 931 οὐ
639 859 719 940 Διύς
739 866 1001 954 μεταχειρέζων,

396 977 531 1060 χθονίων
551 969 579 1044 θ’
595 973 689 1064 Ἅιδῃ
710 977 857 1063 μετέχεις
877 975 992 1067 ἀρχῆς,

396 1087 530 1174 πέμψον
548 1087 607 1172 μέν
626 1091 702 1176 φῶς
723 1090 836 1178 ψυχας
855 1082 980 1177 ἀνδρῶν

396 1205 465 1274 τοῖς
484 1198 695 1281 βουλομένοις
715 1193 835 1275 ἄθλους
856 1203 1061 1288 προμαθεῖν,

395 1305 503 1376 πόθεν
523 1307 660 1391 έβλαςον
680 1312 742 1378 unt.

238 1424 465 1490 Grammatieae
480 1426 559 1489 ratio
580 1448 641 1489 non
660 1425 832 1503 constabit,
848 1428 909 1491 nisi
927 1427 1086 1513 scripseris
1104 1431 1157 1491 eut
1171 1449 1318 1511 μεταχει-

192 1536 499 1623 ρίζεις-μειέχεις,
525 1545 578 1603 aut
604 1537 1030 1627 μειαχειρέζων-μετέχων.
1051 1542 1212 1609 Sententia
1238 1542 1317 1609 illud

192 1673 312 1728 verum,
339 1651 397 1716 hoe
430 1654 539 1719 falsum
572 1676 637 1719 esse
660 1654 787 1718 evincit.
820 1653 1050 1721 Coniunctione
1079 1646 1141 1740 γάρ
1175 1656 1245 1736 hie,
1282 1664 1318 1724 ut

191 1768 382 1853 saepissime,
405 1770 484 1833 ratio
506 1769 645 1833 redditur
668 1791 731 1832 non
753 1768 1016 1855 praecedentium,
1040 1773 1092 1841 sed
1115 1773 1317 1858 sequentium.

235 2114 350 2180 Achill.
373 2116 441 2181 rat.
464 2119 544 2203 lsagr
568 2118 601 2181 in
625 2116 739 2183 Phoen.
764 2141 792 2204 p.
819 2119 901 2184 139:
922 2125 974 2184 E.:
999 2113 1143 2193 ἐνιαυτός
1168 2116 1205 2183 δέ
1223 2110 1329 2207 ἡλίου,

191 2229 332 2316 εἲριμαι,
355 2227 428 2294 ἐπεὶ
449 2224 516 2313 ἔχει
536 2225 596 2306 ude
616 2220 728 2307 πάσας
748 2224 837 2317 ὥρας
856 2228 894 2296 έν
913 2228 1038 2314 έαννῷ
1055 2228 1218 2318 τέσσαρας
1237 2222 1319 2294 κατα

190 2333 244 2406 οὐν
275 2333 454 2430 Εὐριπίδην
485 2333 570 2408 ude’
602 2335 722 2408 οὕνεκ’
753 2340 790 2408 έν
819 2333 922 2426 αὐτῷ
950 2332 1077 2408 πύννα
1114 2337 1319 2424 συλλαβών

189 2447 303 2534 ἔχειν

234 2567 431 2652 Scripserim:

384 2674 482 2745 οὕνεκ’
502 2679 533 2746 ἐν
554 2679 658 2766 ἑαυτῷ
678 2671 784 2746 πάντα
805 2678 972 2763 συλλαβών
991 2675 1068 2764 ἔχει

189 2813 266 2877 quae
289 2794 441 2857 eorrectio
465 2793 585 2859 fecilior
609 2800 655 2858 est
678 2816 772 2880 quam
794 2793 869 2859 haee
893 2794 1060 2858 Meinekii:

803 2896 965 2973 ὁθούνεκα

384 3010 505 3095 [αὐτὸς]
527 3015 559 3082 έν
577 3015 684 3102 έαοιῷ
701 3015 765 3082 κιέ.

231 3259 382 3346 Athenug.
405 3261 514 3346 Legat.
536 3282 591 3345 pro
615 3260 730 3324 Christ.
754 3282 780 3325 e.
805 3259 842 3338 6,
865 3283 892 3346 p.
916 3262 973 3325 22:

391 3365 532 3461 ὤφειλεν
553 3362 661 3461 viden,
686 3379 781 3462 εἴπερ
804 3371 847 3454 ές’
868 3372 900 3439 έν
919 3371 1046 3462 οὐρανῷ

391 3476 493 3564 Ζεύς,
515 3479 560 3570 μή
581 3478 638 3550 οὐν
659 3480 755 3552 αὐτόν
774 3485 894 3570 ὐυςυχῆ
914 3480 1101 3563 καθεςοέναι.

231 3597 395 3661 Neunkius
414 3597 515 3662 locum
527 3603 700 3665 restituisse
723 3623 755 3665 se
777 3601 935 3684 opinetur,
959 3599 1076 3683 scripto
1099 3596 1200 3682 δῆθεν
1218 3619 1262 3660 vs.
1277 3599 1315 3688 1,

184 3735 246 3775 non
281 3713 528 3777 animadvertens
562 3716 745 3802 gravissima
777 3715 842 3778 labe
872 3716 1013 3778 eflectum
1037 3733 1102 3776 esse
1126 3733 1170 3775 vs.
1196 3715 1233 3788 2,
1257 3710 1312 3775 ubi
1353 3714 1354 3717 ’

183 3828 338 3891 sententie
367 3830 513 3912 requirit:
536 3824 592 3893 edu
611 3823 709 3895 αὐτόν
730 3825 789 3892 ἀεὶ
812 3829 934 3916 δυςυχῆ
953 3828 1032 3909 ure,
1057 3825 1311 3911 quemadmodum

182 3943 314 4030 legimus
337 3944 369 4005 in
394 3943 509 4008 Phoen.
533 3967 576 4007 vs.
602 3945 659 4008 83:
684 3934 745 4029 χρῆ
767 3936 808 4019 δ’,
833 3937 863 4004 εἰ
882 3933 990 4026 σοφὸς
1011 3938 1177 4027 πέφυκας,
1194 3933 1251 4004 οὐκ
1261 3936 1314 4003 ἐᾶν

182 4056 311 4143 βροτῶν
325 4047 488 4121 edredesie
502 4049 564 4121 ἀεὶ
577 4058 697 4143 ὐυςυχῆ
708 4045 899 4136 narremur,
918 4075 1007 4137 quem
1019 4053 1119 4118 locum
1136 4055 1202 4138 ipse
1216 4054 1310 4117 affert.

184 4171 232 4234 Of.
256 4168 350 4255 Soph.
373 4169 422 4233 nl.
447 4170 511 4234 916
535 4192 579 4254 sq.

229 4284 300 4349 Ηοο
319 4284 541 4371 fragmentum,
561 4285 610 4348 eui
628 4284 821 4370 *emendando
842 4305 902 4347 non
924 4306 1005 4359 sum,
1024 4284 1057 4345 in
1079 4287 1210 4346 mentem
1234 4281 1317 4365 mihi

182 4404 306 4463 revocat
322 4399 424 4463 locum
440 4398 641 4484 Euripideum
659 4399 770 4463 Troed.
784 4402 879 4475 1203,
893 4397 945 4461 ubi
958 4397 1088 4462 Hecube
1100 4399 1145 4461 sic
1159 4397 1311 4483 queritur:
