3024 5264
739 438 780 504 11

394 602 492 699 κοῖμοὶ
511 602 574 705 poio
597 605 636 682 dv
656 601 766 705 πακὴρ
788 634 826 702 γε
848 600 996 704 δακρύων
1017 604 1109 702 χάριν

396 718 499 818 ακῆκί
518 721 557 795 ἂν
578 725 627 806 εἷς
648 729 733 819 φῶς.

233 842 293 910 Sed
317 842 479 929 aliquanto
502 841 629 922 melius,
664 842 773 922 oredo,
796 842 835 908 de
858 847 981 908 mortuo
1004 840 1122 908 dieitur
1145 830 1326 928 ἀνάγεσθαι

190 957 239 1036 εἰς
258 962 334 1049 φοῖς
354 982 445 1046 quam
469 951 557 1046 dyeia
577 952 664 1049 πρὸς
683 952 723 1027 mi
745 960 828 1049 φώς.
860 958 1022 1025 Praeterea
1045 980 1077 1024 se
1100 956 1205 1046 prodit
1222 957 1325 1021 'inter-

191 1082 414 1162 pretamentum
438 1077 506 1164 ipso
528 1076 622 1140 initio
643 1066 683 1145 mi
702 1074 770 1162 pla.
795 1075 932 1141 Tandem
956 1076 1027 1161 quis
1051 1073 1157 1142 eredat
1180 1096 1324 1164 magnum
1367 1165 1370 1171 1

190 1191 224 1257 ln
255 1194 361 1280 prunis
391 1197 512 1281 poetam
542 1196 605 1257 tam
628 1190 714 1257 brevi
737 1191 902 1257 intervallo
925 1191 1028 1258 eadem
1052 1190 1213 1256 locutione
1233 1212 1324 1256 usum

190 1308 285 1374 luisse
307 1309 340 1374 in
365 1331 413 1388 re,
444 1330 536 1395 quam
559 1307 777 1374 diversissimis
801 1307 901 1374 modis
924 1309 1087 1375 enuntiare
1109 1305 1157 1373 rel
1181 1299 1199 1376 ὁ
1220 1296 1325 1392 τυχῶν

189 1425 311 1512 possiti

233 1669 285 1737 Ad
315 1671 496 1756 Arpinorum
527 1671 697 1737 concionem
724 1694 742 1736 a
766 1671 928 1738 nonnullis
952 1695 1013 1738 uon
1038 1669 1171 1737 absurde
1193 1668 1325 1735 refertur

188 1786 297 1875 fragm.
320 1786 525 1874 Sophocleum
550 1810 596 1875 ap.
621 1787 837 1854 Herodianum
860 1787 938 1877 περὶ
963 1780 1134 1876 σχημάτων
1148 1807 1177 1872 p.
1194 1787 1247 1862 5⁷,
1264 1787 1323 1849 58:

342 1892 426 1987 Ἐμοὶ
447 1892 478 1969 δ’
497 1899 564 1992 ἐρῶ
586 1921 638 1968 σοι
660 1895 764 1969 δεινόν
783 1897 893 1983 οὐδὲν,
917 1890 995 1968 olle‘
1015 1892 1109 1976 ὅπως
1211 1883 1212 1887 “

344 2005 453 2103 φονᾶς
473 2003 633 2102 πατρῴας
653 2005 844 2104 ἔξελὴλασαι
864 2002 1003 2098 χθονός,

343 2115 465 2202 οὔθ’ὠς
487 2117 505 2194 ὁ
532 2118 657 2202 luderis
678 2116 795 2215 ἀνδρός
817 2118 898 2211 αἷμα
920 2120 1069 2211 συγγενὲς

342 2235 507 2320 κτείνας,
530 2229 690 2327 ἐν”Λργει
711 2239 817 2318 ξεῖνος
839 2230 884 2304 ὢν
906 2234 1071 2316 αἰκίζεται.

233 2350 318 2424 Quid
350 2351 393 2417 sit
420 2344 504 2434 ἀἷμα
524 2356 646 2420 κτεῖναι
668 2353 784 2419 frustra
806 2374 940 2439 quaeres.
970 2349 1177 2439 Partioipium
1200 2348 1325 2424 κτείνας

188 2465 343 2554 glossema
365 2467 501 2532 esseiam
514 2465 635 2553 aliquot
657 2467 772 2534 abhinc
795 2469 885 2564 aunis
906 2467 1026 2534 oonieoi
1048 2468 1083 2532 iu
1107 2464 1324 2531 dissertatione

189 2583 317 2649 Obsarr.
340 2584 419 2650 crit.
442 2583 476 2648 iu
499 2583 607 2671 fragm.
630 2585 718 2650 (lom.
742 2585 850 2651 Graue.
873 2607 902 2672 p.
921 2587 995 2650 128.
1008 2582 1101 2649 Thes.
1121 2582 1207 2660 VII,
1226 2602 1324 2666 neque

188 2697 280 2765 hodie
310 2699 495 2766 sententiam
518 2706 614 2766 moto.
637 2701 704 2766 Iam
728 2705 805 2768 tuno
837 2698 1039 2788 probabiliter
1070 2696 1252 2776 admodum,
1287 2700 1324 2762 ut

189 2813 266 2880 mihi
289 2815 408 2894 videor,
432 2812 611 2902 suspicabar
637 2820 744 2904 poetae
767 2838 891 2885 manum
916 2816 1013 2882 fuisse
1034 2813 1132 2883 hano:

362 2919 441 2996 αὕθ’
461 2921 508 3004 ὠς
529 2919 548 2996 ὁ
574 2921 699 3006 Τυδεύς
718 2923 838 3023 ἀνδρός
858 2923 941 3014 αἷμα
962 2925 1111 3016 συγγενὲς
1217 3023 1218 3026 ¹

360 3031 534 3132 πράξας,
557 3038 589 3107 ἐν
602 3033 717 3131 ’Ἀργει
737 3042 842 3124 ξεῖνος
862 3035 907 3109 ὢν
928 3039 1094 3122 αἰκίζεται.

188 3154 328 3234 Etenim,
363 3155 503 3241 quamvis
536 3156 649 3223 mirum
683 3157 782 3225 rideri
817 3157 933 3244 possit,
954 3155 1069 3244 tragici
1093 3153 1219 3219 dieunt:
1242 3145 1325 3237 αἷμα

188 3291 273 3344 τινος
293 3258 448 3357 πράττειν
469 3272 534 3336 sire
566 3267 759 3359 ἐργάζεσθαι
792 3295 847 3361 pro
870 3266 1020 3365 φονεύειν
1048 3258 1128 3337 τινά.
1161 3270 1214 3336 Ita
1243 3289 1273 3334 v.
1296 3290 1324 3334 e.

188 3382 293 3469 llorip.
306 3385 409 3452 Orest.
420 3389 502 3453 280:
527 3385 714 3475 elpyogos
736 3377 766 3453 δ’
775 3385 848 3470 ἐμοὶ
861 3384 1013 3475 μητρῷον
1023 3377 1105 3467 αἷμα
1121 3389 1152 3450 et
1164 3407 1208 3451 rs.
1222 3387 1323 3450 11392

186 3494 285 3584 κακῆς
304 3491 452 3584 mamis
471 3490 555 3583 αἷμ’
576 3489 817 3590 ἐπράξαμεν,
840 3505 871 3566 et
894 3500 940 3565 sio
964 3500 1087 3587 passim.
1109 3500 1231 3580 Etiam,
1259 3499 1322 3565 uisi

186 3609 293 3691 fallor,
325 3603 407 3697 αἷμα
427 3612 507 3699 δρᾶν
537 3615 642 3679 eodem
673 3638 765 3682 sensu
789 3637 836 3681 me
868 3616 971 3704 legere
1003 3617 1146 3694 memini,
1177 3615 1229 3682 sed
1259 3616 1321 3681 lam

186 3727 335 3816 exempla,
353 3727 466 3813 quibus
485 3727 569 3795 huno
582 3753 673 3796 usum
684 3730 857 3810 stabiliam,
873 3731 949 3797 mihi
961 3733 995 3797 in
1008 3735 1152 3821 promptu
1164 3754 1226 3798 non
1239 3739 1314 3800 sunt

186 3844 235 3911 cf.
258 3845 394 3911 Cramer.
416 3846 534 3943 Aueod.
554 3847 611 3913 IH
634 3871 663 3936 p.
689 3849 768 3929 194,
793 3848 822 3913 1.

684 3987 830 4003 —

229 4054 418 4142 Corruptnm
442 4058 579 4126 oodioom
604 4061 770 4149 Sophoclis
794 4062 987 4131 oonsultaase
1010 4061 1223 4133 Herodianum
1240 4061 1322 4129 exis-

182 4171 280 4245 timo,
312 4172 393 4237 unde
415 4174 448 4239 in
472 4174 578 4242 libello
600 4174 680 4264 περὶ
702 4201 772 4261 μον.
795 4177 861 4256 λεξ.
888 4203 917 4266 p.
941 4183 1001 4258 40,
1024 4183 1065 4244 11
1091 4178 1166 4245 haee
1189 4176 1322 4243 seribere
1372 4238 1374 4242 .

182 4287 338 4374 potuerit:
360 4277 399 4354 nd
420 4282 513 4377 nopai
540 4278 704 4380 Σοφοκλεῖ
729 4287 761 4356 ἐν
788 4291 1007 4369 Λακαίναις
1028 4293 1049 4359 δ
1062 4283 1203 4381 ανοτῆς
1234 4288 1322 4378 εἰρη-

182 4397 281 4483 μένον
301 4397 356 4465 ’ἐν
376 4391 397 4490 ᾗ
417 4393 554 4468 παύσατ’
572 4393 717 4492 ἁμερίων
736 4393 868 4489 μόχθων
887 4427 925 4470 κε
941 4402 999 4470 καὶ
1019 4405 1224 4495 devestirent
1242 4403 1322 4469 Ver-
