3024 5264
612 467 675 530 123

117 637 178 705 Vs.
194 639 293 703 1448:
307 627 393 722 κάγώ
410 625 537 722 γνώμῃ
555 631 655 724 ταύτῃ
669 635 815 721 τίθεμαι.
827 637 926 700 Immo
937 657 1008 700 vero
1019 631 1206 723 γνώμην-

70 747 222 834 τλθεμαα
246 748 442 824 Librarium‚
462 748 571 825 oredo,
586 749 617 813 in
631 769 761 814 errorem
774 749 938 816 induxerat
949 772 1077 834 sequena
1095 741 1206 834 ταύτῃ.

120 983 393 1050 reicerentur
416 1006 459 1048 νε.
483 983 544 1049 103

224 1096 348 1184 φοιτών
369 1091 539 1183 ἐναργής
558 1095 692 1183 ταῦρος,
717 1087 823 1161 ἄλλοτ’
841 1086 952 1171 αἰόλος

223 1201 349 1295 δρώντων
368 1200 507 1288 ἑλικτδς,
529 1198 639 1273 ἄλλοτ’
660 1197 799 1295 α’νδρελῳ
822 1199 913 1274 κύτει

223 1309 433 1409 βούπρῳρος.

76 1432 151 1504 Quo
184 1431 275 1496 modo
307 1431 380 1497 huie
400 1430 469 1496 loeo
494 1431 658 1497 conveniat
678 1423 812 1520 ἐναργής
833 1454 856 1496 s.
889 1432 1079 1514 manifestae
1111 1432 1208 1496 fateor

77 1567 126 1610 me
158 1568 220 1611 non
245 1548 425 1633 perspicere.
456 1547 574 1612 Contra
608 1546 714 1612 eodem
743 1531 816 1611 iure*
838 1551 948 1611 taurus
974 1545 1034 1611 eibi
1072 1544 1208 1631 postulat

77 1660 238 1746 epitheton
262 1683 389 1739 ornans,
412 1683 474 1745 quo
493 1660 573 1726 illud
596 1667 685 1748 poeta
707 1683 768 1726 non
793 1661 958 1749 denegavit
985 1661 1129 1737 draconi,
1151 1681 1208 1724 nea

77 1776 231 1840 semiviro.
253 1777 398 1841 Proxime
420 1777 519 1864 igitur
538 1798 556 1841 a
578 1798 650 1842 vero
670 1776 839 1842 oonieoisae
858 1777 932 1840 mihi
947 1776 1069 1840 videor:
1085 1773 1210 1861 parreia

76 1878 247 1975 κεράςρς
267 1889 401 1976 ταῦρος,
425 1880 532 1954 ἄλλοτ’
552 1881 665 1964 αἰόλος
686 1879 814 1976 δράκων
832 1880 964 1964 ἓλικτὸς.

122 2000 178 2065 Va.
200 2005 259 2067 793
304 1994 349 2075 oia
373 1993 394 2089 ἢ
414 1994 564 2088 τελευτήν
585 2003 643 2066 τοῦ
663 1999 740 2082 βίον
759 1998 871 2084 μέλλει
891 2001 995 2067 τελεῖν

304 2105 325 2202 ἢ
345 2113 459 2178 τοῦτον
479 2103 564 2199 ώρας
583 2101 686 2178 ἆθλον
706 2111 769 2190 εἰς
789 2105 858 2178 τδν
877 2106 1021 2201 ὕςερον

304 2217 360 2291 τόν
377 2221 493 2291 λοιπόν
513 2215 576 2314 ἤδη
594 2225 707 2306 βίοτον
728 2217 855 2292 εόαίων’
875 2220 968 2309 ἔχειν.

77 2339 155 2405 Non
167 2337 246 2404 male
260 2337 463 2404 scriberetur:
487 2325 608 2419 ἆθλον,
629 2330 772 2417 ὕςατον
792 2331 937 2416 πόνων,
961 2337 1015 2402 sed
1033 2336 1208 2422 aoripaerit-

78 2476 120 2520 ne
140 2458 230 2540 poeta
250 2453 296 2517 aie
319 2475 357 2518 an
381 2453 491 2526 aliter,
513 2452 604 2518 hodie
627 2453 703 2518 seiri
724 2452 783 2517 iam
807 2453 927 2538 nequit.

124 2568 183 2634 Vs.
206 2568 270 2634 84:
296 2558 355 2631 οδκ
379 2562 411 2632 ελ
427 2564 586 2655 ξονέρξων
605 2556 742 2653 ἠνλκ’ἢ
769 2556 971 2646 σεσώσμεδα

296 2676 401 2744 κείνου
431 2676 504 2760 βίον
524 2668 690 2751 σώσαντος
721 2667 742 2765 ἢ
772 2666 956 2760 οἰχόμεσθ’
976 2668 1055 2760 ἅμα.

78 2795 143 2859 Pro
172 2783 250 2879 ἡνίκ’
284 2792 499 2879 corrigendum
533 2792 656 2857 videtur
680 2778 790 2870 οὕνεκ’,
814 2791 896 2877 quod
920 2790 999 2855 idern
1024 2789 1208 2856 vocabulum

78 2909 183 2972 minus
211 2912 327 2972 certum
354 2916 417 2986 eat,
448 2930 486 2972 an
512 2902 701 2992 pro'eodem
724 2904 955 2972 rescribendum
985 2906 1028 2970 ait
1060 2928 1104 2971 va.
1135 2907 1210 2968 259.

79 3023 237 3108 Synizeais
261 3023 295 3086 in
317 3022 376 3087 hoo
399 3045 443 3087 va.
478 3021 615 3085 animum
638 3019 717 3085 mihi
748 3019 836 3085 addit
859 3020 993 3085 tentanti
1016 3019 1118 3085 lorum
1142 3039 1211 3083 eor-

77 3142 205 3224 ruptum
232 3136 417 3202 Philoctetis
439 3159 483 3203 va.
505 3136 589 3200 6173

594 3240 721 3323 εὐθέως
740 3237 903 3330 δπέσχετο

284 3353 342 3425 τόν
365 3350 454 3442 ἄνδρ’
474 3354 618 3443 Ἀχαιοῖς
636 3350 731 3425 τόνδε
753 3349 911 3446 δηλώσειν
930 3349 1036 3446 όνων·

285 3473 412 3538 οἴοιτο
432 3469 491 3553 μὲν
509 3461 647 3554 μάλισθ’
666 3461 811 3536 ἑκούσιον
831 3466 952 3554 λαβών,

288 3579 318 3648 εἰ
338 3576 384 3670 μή
404 3581 500 3649 θέλοι
522 3573 552 3647 δ’
572 3577 697 3648 ἄκοντα.

79 3699 190 3782 inquo
210 3695 279 3761 loeo
299 3718 361 3761 non
377 3702 499 3761 tantum
517 3694 608 3782 culpo
626 3696 865 3761 Grammatioam
877 3695 1037 3773 rationem,
1056 3695 1107 3761 red
1120 3717 1211 3782 prae·

79 3819 160 3877 terea
173 3812 277 3875 minua
297 3818 379 3876 recte
398 3810 616 3898 aagaoiarimua
641 3808 769 3896 Ulyeaea
792 3811 826 3875 in
852 3812 1041 3898 Argivorum
1061 3812 1211 3877 oonoione

79 3949 163 4013 spem
185 3948 295 4011 vagam
308 3931 343 3990 ut
356 3927 533 4013 opinionem
546 3947 632 3990 suam
655 3926 689 3988 in
707 3946 740 3989 re
762 3925 971 3990 incertissima
990 3925 1117 4012 prodere
1133 3925 1210 4019 mihi

77 4042 212 4107 videtur.
232 4041 443 4128 Praeplaceret
463 4041 538 4107 mihi
565 4041 690 4118 saltem,
708 4041 735 4104 ai
755 4039 888 4106 admissa
898 4040 1031 4125 ayninesi
1044 4040 1212 4129 legeretur:

696 4144 849 4241 δηλώσειν
871 4143 972 4239 ολγων·

284 4265 322 4330 εἰ
343 4258 472 4334 οἷόντε
490 4264 548 4351 μὲν
568 4257 705 4349 μάλισθ’
725 4257 872 4333 ἑκούσιον
891 4256 1015 4350 λαβών,

288 4378 318 4445 εἰ
337 4371 381 4467 μή
404 4378 499 4446 θέλοι
519 4376 547 4445 δ
567 4370 692 4445 ώκοντα.
