3024 5264
636 455 678 514 59

138 624 227 689 Philo
261 623 330 689 Iud.
366 623 424 686 vul.
459 621 507 698 ΙΙ,
537 647 566 710 p.
598 620 720 689 46126
748 627 823 709 γοῦν
852 616 965 712 Ἑρμῆς
993 623 1216 709 πυνθανομένῳ

95 730 181 821 αὐτῷ
200 736 336 819 (uetat,
360 733 390 801 εἰ
410 726 536 823 φαῦλός
558 733 623 815 ἐςιν
645 727 677 812 (ό
697 728 881 825 Ἡρακλῆς),
905 732 1124 823 ἀποκρίνεται·
1201 740 1203 744 ’

298 841 392 936 ἢκιςα
413 848 556 934 φαῦλος,
578 840 660 914 ἄλλοί
680 849 745 913 πᾶν
765 843 965 914 τούναντίον·

297 951 340 1026 τό
363 962 489 1047 σχῆμα
510 951 640 1044 σεμνός,
663 951 722 1024 κοῶ
740 949 906 1039 ταπεινός,
930 949 1000 1024 οὐδ’
1021 948 1100 1043 dyas*

300 1062 431 1157 ιόομκος
454 1063 500 1146 ῶς
520 1065 560 1138 δν
581 1071 713 1151 δοῦλος,
736 1063 819 1135 ἄλλα
838 1068 893 1134 καὶ
914 1061 1010 1156 gout

299 1174 400 1248 ἰδόντι
420 1175 589 1271 λαμπρός,
613 1182 667 1248 καί
687 1177 773 1266 ξύλῳ
796 1171 983 1269 δραςὴριος.

140 1293 194 1358 Vs.
226 1297 263 1375 2,
298 1295 392 1383 vulgo
416 1295 530 1383 legitur
552 1283 766 1382 πρόσχημα
794 1281 933 1378 σεμνός,
967 1295 1050 1380 quod
1086 1296 1222 1375 correxi,

96 1410 170 1495 quia
197 1399 376 1498 πρόσχημα
405 1419 629 1488 oruamentum,
657 1432 719 1474 uou
750 1411 903 1487 deditum,
934 1432 1010 1495 quae
1041 1412 1127 1476 notio
1149 1410 1179 1475 h.
1201 1410 1223 1476 l.

94 1526 273 1609 requiritur,
307 1527 482 1592 sifinifieare
504 1525 592 1591 solet.
620 1523 704 1589 Male
734 1523 844 1590 deinde
867 1523 1041 1611 Wagnerus
1067 1525 1224 1593 intellexit

95 1663 216 1719 versus,
237 1662 314 1726 quos
337 1641 417 1707 idem
442 1640 533 1707 Philo
557 1641 670 1706 ibidem
695 1641 784 1705 affert
806 1661 844 1704 ex
867 1639 972 1705 eodem
1005 1640 1156 1707 dramate:

712 1755 773 1818 σοῦ
793 1753 960 1840 κατηγορῶ

301 1864 470 1950 σιγῶντας,
493 1858 540 1939 ῶς
560 1856 599 1929 ἃν
620 1864 690 1951 είης
711 1855 770 1946 οὐχ
790 1855 949 1950 ὑπήκοος,

299 1969 431 2043 τόσσειν
452 1976 489 2042 δὲ
509 1969 668 2064 μᾶλλονῆ
691 1967 921 2041 ’πιτίισσεσθαι
943 1973 1057 2051 θέλοις.

97 2088 202 2154 Vertit
224 2091 321 2155 enim:
345 2097 376 2154 te
398 2091 505 2174 ιιιθφσ,
537 2092 591 2175 qui
621 2097 714 2168 θαιιι,
745 2091 836 2175 quari
866 2112 926 2154 ιιοιι
955 2112 1036 2154 eures
1066 2113 1171 2156 οιιννι
1193 2101 1223 2156 et

96 2207 245 2288 imperare
267 2229 357 2291 φασιν
378 2207 504 2290 imperio
523 2228 635 2290 parere
657 2207 763 2270 νιανίι.
799 2203 989 2271 Graecorum
1011 2207 1094 2269 enim
1117 2229 1224 2270 sensus

97 2319 148 2384 hie
171 2325 230 2384 est:
253 2344 270 2385 ι
291 2321 417 2385 attentio
437 2327 489 2384 tuo
506 2343 599 2405 ιιιρνο
615 2329 646 2385 te
660 2323 776 2385 οιννίνο
790 2342 850 2384 ιιοιι
860 2342 952 2404 poree
967 2328 998 2384 et
1012 2321 1108 2384 νιοίίι
1120 2325 1226 2406 potius

96 2436 245 2518 imperare
268 2458 358 2521 quam
375 2457 487 2519 μοιιιι
509 2437 644 2520 imperio.
669 2436 746 2500 Mox
762 2435 875 2502 ibidem
891 2436 945 2516 (fr.
959 2439 1025 2501 628
1042 2457 1081 2522 ap
1097 2435 1226 2524 Wagn.)

99 2549 252 2616 scribatur
274 2553 308 2616 iu
328 2550 411 2616 huna
433 2551 578 2616 modum:

426 2662 579 2752 κλίνηθι
599 2663 653 2730 καί
673 2664 800 2749 πίωμεν
819 2661 894 2745 aet,

99 2799 153 2863 pro
175 2775 313 2864 κλίθητι,
339 2799 418 2862 quae
440 2778 538 2844 forma
563 2779 596 2843 iu
617 2785 706 2865 poeta
728 2781 838 2847 Attico
868 2781 942 2847 ferri
961 2780 1087 2845 omuino
1111 2780 1227 2866 nequit.

141 3123 301 3210 Aristoph.
323 3123 401 3190 Aea.
425 3129 507 3191 445:
531 3116 771 3214 εὐδαιμονοίης,
798 3123 939 3213 Τηλέφῳ
962 3115 992 3190 δ’
1014 3116 1083 3210 ἀφῶ
1105 3123 1228 3212 φρονῶ,

97 3237 151 3304 ubi
175 3236 291 3303 schot:
315 3230 407 3324 παρὰ
427 3230 469 3302 τοὶ
490 3235 524 3304 ἐκ
549 3235 735 3327 Τηλέφου
757 3229 957 3325 Εὐριπίδου·

306 3348 413 3424 καλῶς
432 3343 577 3432 ἔχοιμι,
604 3346 744 3438 Τηλέφῳ
767 3340 797 3414 δ’
816 3339 886 3435 ἀφῶ
906 3349 1030 3436 φρονῶ.

97 3461 215 3536 Καλῶς
236 3456 343 3545 ἔχοιμι
364 3461 394 3526 h.
416 3461 437 3527 1.
457 3461 547 3550 plane
565 3462 658 3527 nihili
677 3468 741 3540 est,
764 3484 858 3548 quere
873 3463 1013 3548 suspicor
1040 3460 1230 3548 Euripidem,

100 3597 161 3639 una
181 3573 271 3640 litere
302 3577 428 3656 addita,
461 3578 595 3644 dedisse:

473 3691 578 3766 καλῶς
599 3685 784 3774 ἔχοίμοί,
806 3688 869 3757 κτὲ.

144 3803 190 3867 Of.
213 3802 328 3868 Athen.
349 3803 380 3866 V
398 3827 427 3891 p.
453 3807 514 3870 186
536 3827 562 3869 ο.
587 3805 693 3869 Locus
720 3803 912 3891 Antiphauis
933 3805 992 3890 (ap.
1023 3804 1120 3870 Mein.
1151 3825 1227 3869 eom.

100 3915 158 3982 Gr.
177 3919 232 3982 HI
250 3941 278 4004 p.
300 3921 367 4005 90),
389 3941 478 4004 quem
495 3921 628 3985 conferri
653 3918 740 3985 iubet
758 3919 935 3997 Nauekius,
965 3920 1009 3985 ita
1030 3921 1138 3985 misere
1161 3940 1229 3984 cor-

99 4036 209 4118 ruptus
235 4037 300 4111 est,
323 4038 360 4098 ut
382 4034 532 4099 eiusmodi
555 4035 766 4100 testimonium
790 4035 874 4099 omui
898 4034 958 4099 fide
981 4040 1091 4101 eareat.

145 4275 227 4343 Plut.
240 4278 319 4343 Mor.
339 4301 368 4365 p.
392 4283 444 4344 93.
469 4281 525 4346 D.:
548 4271 662 4367 ῶσπερ
686 4274 703 4347 ὁ
724 4278 783 4365 τῆς
797 4252 983 4367 Ὑψιπύλης
1001 4268 1165 4368 τρόφιμος
1183 4275 1232 4353 εἰς

101 4383 156 4472 τόν
179 4390 318 4473 λειμῶνα
336 4391 474 4468 καθίσας
496 4387 647 4480 ἔδρεπεν·
