3024 5264
755 435 776 500 l

237 610 293 679 Vn.
313 617 333 680 2
352 612 442 679 oodd.
465 609 581 679 habent
605 613 659 678 ant
674 603 834 681 δινοτοῦιι
854 613 909 678 nut
931 607 1131 695 δννοθοῦντι,
1147 609 1228 697 quod
1241 607 1331 678 exhi·

192 728 255 796 bui.
288 731 460 818 Utramque
492 730 658 797 lectionem
690 727 783 794 nihili
816 750 883 794 esee
915 728 970 796 vix
1004 729 1157 815 estquod
1181 749 1331 795 moneam.

193 846 308 913 Verum
326 849 474 936 reperisse
496 853 528 912 et
547 845 607 912 eibi
626 851 658 915 et
678 845 750 912 eliis
770 845 856 910 visus
875 848 924 910 est
941 844 1125 912 Dindorfiuo
1136 844 1330 932 reponendo:

192 953 247 1030 τδν
265 954 296 1029 δ’
315 952 350 1029 ἓν
370 960 563 1050 ῥοθοῦντι
583 949 726 1049 κριβδνῳ
747 956 811 1025 ni.
833 960 1032 1048 Recepernnt
1066 982 1132 1026 enm
1164 960 1328 1026 lectionem

184 1077 225 1143 'et
248 1076 301 1142 ulii
332 1081 365 1142 et
388 1074 570 1153 Nnnokins,
592 1079 792 1161 vortuntque:
818 1075 931 1142 nhuno
964 1077 996 1141 in
1032 1079 1206 1163 crepitante
1238 1077 1330 1142 inmo

193 1215 331 1283 pontimi
356 1191 479 1261 Horum
495 1191 680 1257 sententium
697 1211 754 1278 ego
776 1213 898 1278 quoqne
916 1192 1097 1280 amplecter,
1119 1191 1175 1259 ubi
1196 1192 1329 1280 primum

193 1309 305 1396 aliquio
346 1308 603 1374 demonstraverit
642 1306 792 1372 voeabula
831 1303 954 1400 ῥόθος,
986 1297 1120 1396 ρδθιος,
1152 1308 1270 1396 δοθεῖκ
1298 1313 1331 1374 et

193 1415 362 1512 ροθιδζειν
390 1445 519 1509 usquam
554 1423 644 1488 aliter
678 1421 820 1490 adhibita
861 1445 928 1489 esee
970 1443 1061 1508 qnam
1105 1421 1143 1488 de
1180 1446 1331 1511 οηκινιινι

134 1576 137 1581 ⁴
193 1560 351 1604 murmure.

237 1653 306 1742 Ego
322 1653 445 1721 fabulae
467 1655 618 1741 satyrione
636 1677 699 1721 non
720 1654 814 1721 nimio
834 1654 990 1721 inficetum
1013 1653 1181 1720 lectionem
1203 1651 1330 1720 reddere

193 1769 268 1836 mihi
291 1770 397 1838 videor
418 1771 636 1838 rescribendo:

429 1877 516 1954 τόνδ’
535 1877 574 1953 ἕν
592 1885 790 1953 ποθοῦντι
811 1875 954 1975 κριβάνῳ
974 1874 1082 1975 θήσω.

234 2001 357 2068 Furnno
379 2000 455 2068 hene
478 2002 646 2067 oolefaotus
666 2005 697 2066 et
720 2004 845 2088 perotus
866 1999 905 2065 ed
925 2021 1033 2066 omnen
1053 1999 1246 2087 reeipiendus
1265 2021 1328 2065 non

191 2115 281 2196 nole,
306 2119 432 2206 opinor,
455 2122 577 2188 ποθεῖν
596 2117 673 2183 istas
697 2138 806 2182 earnes
824 2116 960 2196 dieitur,
990 2115 1088 2182 donee
1106 2115 1156 2182 illi
1177 2115 1329 2182 desiderio

191 2235 231 2300 sit
253 2235 454 2302 satisfactum.
483 2236 512 2300 A
535 2234 654 2322 tragion
673 2231 799 2320 quidem
822 2233 976 2321 gravitate
998 2232 1072 2300 talio
1096 2233 1251 2321 scripture
1274 2232 1328 2298 nb·

190 2349 344 2428 horreret,
380 2351 433 2416 ned
460 2351 494 2416 in
523 2351 659 2436 satyrion
687 2349 824 2415 dramate
847 2347 924 2414 mihi
947 2348 1071 2435 quidem
1096 2347 1185 2415 valde
1207 2349 1329 2415 videtur

189 2466 308 2533 idonea.
332 2467 388 2533 Vs.
405 2468 472 2533 otio
491 2488 547 2556 pro
562 2461 691 2548 βέλτιον
706 2471 878 2534 correctum
890 2472 937 2532 est
954 2466 1044 2532 metri
1060 2488 1152 2533 canon
1163 2463 1328 2554 βέλτερον.

190 2584 287 2650 Recte
309 2584 428 2672 opinor.

232 2933 318 2998 Bene
342 2933 508 3000 Nnuokiuo
526 2956 590 2999 non
613 2933 732 3020 recepit
753 2933 836 2999 inter
859 2930 1006 3016 Aeschyli
1024 2933 1196 3020 fragmenta
1208 2930 1325 3010 locum,

189 3071 277 3134 quem
294 3051 383 3116 affert
400 3049 592 3138 Theophilus
614 3048 654 3114 nd
678 3047 868 3134 Autolycum
889 3050 927 3115 H
951 3051 1010 3127 54,
1027 3071 1055 3136 p.
1080 3048 1146 3114 256
1169 3049 1216 3115 ed.
1232 3047 1327 3114 Wolf.
1464 3119 1467 3125 ,

187 3165 300 3231 Onins'
320 3163 381 3231 looi
417 3165 479 3232 dno
511 3166 605 3254 primi
636 3187 742 3231 verens
774 3163 987 3232 constituendi
1019 3165 1165 3231 videntur
1187 3166 1221 3230 in
1243 3163 1326 3231 huno

188 3282 331 3348 modum:

425 3386 500 3484 Ὁρᾷ
518 3393 590 3484 δίκη
611 3387 642 3461 ο’
661 3384 802 3471 ἄναυδος
821 3384 881 3478 οὐχ
901 3384 1048 3482 ὁρωμένη

428 3500 564 3575 εὕδοντα
583 3505 638 3573 καὶ
659 3505 807 3591 ςείχοντα
825 3505 880 3572 καὶ
899 3496 1093 3596 καθήμενον.

232 3622 333 3711 Vulgo
355 3621 470 3709 ubsque
491 3643 584 3688 senen
607 3621 740 3687 eduntur
763 3621 830 3688 oio:

443 3726 509 3824 δρᾷ
528 3734 618 3824 δίκην
638 3725 776 3801 δι’νανδον
795 3725 856 3818 οὐχ
875 3727 1042 3823 ὁρωμένην

444 3840 570 3915 εὕδοντι
589 3845 644 3913 καὶ
664 3845 803 3932 ςείχονιι
821 3844 876 3910 καὶ
896 3843 1083 3931 καθημένῳ.

231 3966 282 4030 Ita
316 3968 398 4029 certe
431 3962 579 4050 leguntur
605 3961 687 4048 npnd
721 3959 909 4027 Ahrensinm
944 3961 1027 4025 inter
1056 3958 1228 4045 Aeschylon
1256 3961 1326 4026 Ino.

182 4078 259 4148 nab.
279 4081 355 4147 323.
374 4077 540 4165 Theophili
560 4077 729 4143 editionem
749 4099 812 4142 non
832 4074 943 4155 hnbeo,
966 4076 1012 4141 ita
1033 4080 1071 4143 ut
1093 4054 1169 4162 quill
1194 4075 1233 4142 nb
1255 4076 1325 4142 aliie

182 4196 361 4264 coniectum
384 4196 428 4261 nit
448 4196 598 4284 ignorem.
