3024 5264
731 384 772 454 15

181 565 318 656 emphasi
340 565 543 655 subiungitur
566 586 692 653 prorsus
715 565 821 631 eedem
844 564 982 642 ratione,
1006 582 1066 648 que
1089 544 1323 640 νο.1,2τοός

180 671 618 765 μὲν-βλαςόντας-τοόςδε
638 675 700 746 κτὲ.
721 681 858 747 Tandem
876 683 914 745 de
930 679 1112 744 coniectum
1129 699 1194 743 mea
1209 673 1320 761 scripsi

181 786 237 881 τήν
265 791 402 873 ἐπαξίαν
431 791 520 881 δίκην
548 815 604 881 pro
623 784 680 879 τήν
708 791 850 861 ἐναντίαν
877 793 986 883 δίκην,
1008 795 1123 881 quippe
1140 791 1223 879 quod
1246 788 1277 855 h.
1301 788 1321 856 l.

184 931 275 973 sensu
297 908 410 973 idoneo
435 914 546 974 careat.

183 1151 267 1220 stob.
291 1152 374 1218 Flor.
400 1155 480 1231 105,
504 1157 535 1219 3.
559 1151 766 1242 Σοφοκλέους
790 1143 1041 1242 Τυνδάρεως·

338 1259 378 1334 ον’
397 1257 458 1355 χρὴ
479 1259 555 1334 ποτ’
574 1255 611 1333 εί
632 1257 841 1355 πράσσοντος
863 1257 995 1349 ὀλβίσαι
1016 1256 1117 1350 τόχας

338 1372 473 1468 άνδρός,
497 1378 576 1468 πρὶν
596 1370 685 1464 αὐτῷ
705 1378 873 1454 παντελῶς
894 1374 1012 1468 ᾔδη’*

338 1481 562 1581 διεκπερανθῇ
583 1489 638 1557 καί
658 1484 836 1580 τελευτήσῃ
858 1489 941 1574 βίον.

337 1602 369 1670 ἐν
388 1597 450 1693 γάρ
472 1608 592 1694 βραχεῖ
612 1602 747 1668 καθεῖλε
768 1595 894 1690 καίλίγῳ
916 1593 1023 1692 χρόνῳ

302 1723 317 1776 5
340 1709 555 1801 πάμπλοντον
576 1712 672 1799 ὄλβον
692 1715 846 1799 δαίμονος
866 1715 966 1780 κακοῦ
988 1704 1096 1798 δόσις,

340 1823 415 1895 ὅταν
436 1830 583 1918 μεταστῇ
602 1827 656 1895 καί
676 1832 772 1904 θεοῖς
794 1828 874 1916 δοκῇ
895 1819 993 1894 τάδε·

227 1945 284 2010 Vs.
309 1951 328 2009 2
353 1944 450 2009 delevi
476 1939 562 2023 βίος,
584 1943 666 2029 quod
693 1942 820 2008 debetur
843 1942 971 2008 librario
994 1941 1136 2008 leounem
1154 1948 1323 2029 utcumque
1386 1938 1388 1943 ’

183 2060 331 2149 expienti.
360 2059 577 2126 Blomfieldius
610 2060 745 2125 eonieeit
765 2048 901 2144 χρόνος,
926 2058 1008 2145 quod
1035 2057 1110 2123 mihi
1139 2081 1200 2124 non
1236 2058 1326 2124 valde

184 2178 299 2244 arridet
333 2184 458 2264 propter
489 2177 577 2240 finem
604 2198 646 2241 vs.
669 2181 698 2240 4.
723 2176 792 2240 Neo
815 2182 916 2239 tamen
940 2175 1022 2260 quod
1047 2174 1156 2239 melius
1180 2196 1323 2261 reponem
1352 2197 1353 2202 ¹

184 2294 309 2380 reperio.
333 2292 477 2379 Cogitavi
503 2291 540 2355 de
561 2280 665 2376 πόρος
676 2314 711 2356 eo
727 2314 833 2366 sensu,
852 2312 913 2376 quo
929 2290 1084 2356 Pindarus
1109 2290 1160 2357 01.
1175 2294 1189 2354 1
1202 2339 1210 2369 ,
1222 2293 1259 2369 7,
1283 2291 1323 2356 15

184 2406 322 2474 ἑλίσσων
348 2407 424 2490 βίον
445 2401 550 2494 πόρον
573 2407 670 2481 dixin
704 2407 756 2472 sed
791 2395 910 2492 πόρος,
933 2429 996 2472 non
1029 2405 1136 2472 addito
1158 2402 1254 2486 βίον,
1290 2412 1324 2472 ut

184 2524 269 2588 οίίοα
299 2523 360 2587 ιλιι
388 2523 565 2610 significare
595 2525 694 2610 possit
725 2545 836 2590 vereor.
859 2525 899 2590 In
923 2532 1054 2590 mentem
1079 2545 1201 2609 quoque
1225 2523 1325 2602 venit,

185 2661 222 2708 an
247 2638 443 2704 scribendum
468 2647 566 2706 essetz
589 2636 669 2724 πρίν
688 2631 779 2723 αὐτῷ
791 2637 965 2714 ’παντελῶς
986 2633 1046 2728 ἤδη
1067 2636 1180 2722 μίτος
1201 2636 1229 2702 δ.
1248 2662 1277 2703 κ.
1295 2660 1325 2703 τ.

184 2751 284 2836 βίον.
309 2755 449 2820 Preterea
468 2778 512 2821 vs.
530 2760 559 2820 4.
580 2745 706 2837 καίλίχῳ
723 2761 808 2819 recte
829 2753 991 2818 offensioni
1015 2753 1077 2818 fuit
1093 2751 1246 2840 Βοιχίιίο,
1266 2739 1325 2816 κοά

184 2868 300 2956 μακρῷ
319 2861 509 2938 ceniieienti.
532 2871 628 2938 Aliud
652 2871 727 2960 quid
751 2870 846 2936 latere
870 2870 1019 2957 suspicor.

231 3220 306 3288 Ath.
330 3223 348 3288 Ι
370 3246 398 3310 p.
425 3225 464 3288 11
490 3223 530 3288 D.
553 3259 597 3272 -
620 3211 787 3304 Αίσχόλος
806 3219 884 3308 γοῦν
906 3215 1067 3308 ἀπρεπῶς
1094 3240 1159 3284 που
1184 3205 1327 3305 παράχει

184 3327 371 3421 μεθύοντας
396 3330 474 3413 τούς
501 3331 715 3426 Ἕλληνας-
745 3331 800 3398 καί
836 3330 1006 3422 Σοφοκλῆς
1041 3321 1071 3397 δ’
1100 3327 1133 3397 ἐν
1167 3322 1327 3415 Ἀχαιῶν

186 3447 435 3534 συνδείπνῳ·

393 3552 463 3627 άλλ
483 3554 571 3651 άμφί
592 3559 694 3644 θυμῷ
713 3556 771 3648 τήν
789 3548 950 3640 κάκοσμον
970 3544 1107 3645 ου’ράνην
1224 3615 1228 3619 .

394 3669 532 3763 ἔρριψεν
552 3664 621 3741 οὐδ’
642 3665 787 3761 ἥμαρτε·
808 3667 888 3757 περὶ
908 3659 937 3734 δ’
956 3665 1026 3752 ἐμῷ
1044 3659 1129 3756 κάρᾳ

394 3777 586 3872 κατάγνυται
604 3780 642 3852 τό
662 3787 777 3868 τεῦχος
797 3773 838 3850 σά
854 3770 963 3870 μόρου
983 3776 1098 3861 πνέον,

395 3889 687 3988 ἐλεηλάτοόμην
708 3889 737 3964 δ’
755 3887 796 3963 ου’
814 3892 914 3984 φίλης
934 3884 1037 3980 ὀσμῆς
1056 3884 1132 3958 iimo.

232 4013 657 4079 InEAElMATOYMHN
675 3997 942 4094 (ἐδειματούμην),
965 4027 1057 4093 quem
1074 4005 1237 4072 lectionem
1258 4003 1328 4077 vele

185 4136 291 4220 getam
312 4132 379 4196 iure
402 4132 574 4213 suspectam
597 4122 708 4189 hebuit
734 4120 910 4213 Naeekiue,
940 4120 1035 4187 latere
1052 4121 1158 4208 putavi
1187 4126 1329 4211 ΕΛΕΗ,

185 4248 456 4314 ΛΑΊΌΥΜΗΝ
475 4243 497 4308 i.
518 4264 543 4307 e.
561 4241 684 4326 praeda
713 4261 795 4304 eram
828 4238 904 4303 tetri
926 4239 1036 4304 σδοκίι.
1064 4237 1327 4322 Putaviquoque

146 4387 147 4392 ¹
187 4361 228 4429 de
251 4350 538 4449 φ’στρηλατοόμην,
571 4357 625 4424 τιό
666 4357 733 4447 ipse
758 4355 886 4423 veritate
910 4361 1029 4444 reperta
1059 4352 1141 4422 hene
1175 4352 1326 4444 euspicio-
