3024 5264
845 432 888 513 32

345 607 428 674 Plut.
451 628 550 696 praec.
573 606 647 694 reip.
670 629 735 695 ger.
758 611 817 674 28:

498 715 660 812 ’Ἀκραντα
680 713 742 810 γοίρ
765 714 798 802 μ’
820 716 915 811 ἔθηκε
938 721 1106 802 θεσπίζειν
1128 717 1218 806 θεός,

502 833 557 899 καὶ
577 828 664 924 πρὸς
684 828 856 902 παθόντων
875 825 933 900 κοίν
954 839 1077 900 κακοῖσι
1094 835 1245 918 κειμένων

506 939 597 1035 σοφή
618 945 788 1036 κέκλημαι,
811 945 891 1036 πρὶν
910 951 1030 1014 παθεῖν
1050 945 1087 1013 δὲ
1108 947 1305 1033 μαίνομαι.

345 1059 447 1124 Verba
471 1069 545 1125 sunt
568 1061 744 1126 Casandrae
766 1084 803 1125 ex
827 1060 997 1147 Euripidea
1020 1059 1124 1126 fabula
1140 1064 1438 1149 Alexandr03quam

301 1181 400 1241 vatem
432 1176 676 1242 infelicissimam
708 1184 816 1264 poeta,
848 1178 955 1255 credo,
987 1177 1153 1243 induxerat
1182 1178 1358 1265 loquentem
1382 1178 1440 1243 ali·

300 1298 418 1376 quanto
440 1295 626 1358 concinnius
649 1295 681 1358 in
707 1293 791 1358 hunc
814 1294 955 1358 modum:

449 1446 487 1458 —
511 1400 601 1496 σοφή
623 1405 794 1495 κέκλημαι,
818 1405 898 1496 πρὶν
918 1409 1038 1474 παθεῖν
1060 1408 1097 1474 δὲ
1117 1405 1306 1491 μαινολίς.

347 1519 509 1587 Vocabulo
525 1544 601 1587 usus
612 1527 659 1587 est
670 1521 855 1588 Ecamous
868 1525 922 1589 Or.
936 1524 1016 1604 823;
1030 1524 1230 1589 Ausoaraus
1241 1522 1350 1611 Suppl.
1366 1525 1441 1589 101.

346 1869 441 1934 Ratio
464 1870 548 1957 fugit
573 1871 770 1951 Nauckium‚
794 1894 887 1957 quum
911 1871 1071 1959 Euripidis
1087 1873 1195 1960 fragm.
1211 1893 1249 1936 ex
1263 1871 1442 1936 Δίιοοπθνο

301 2009 350 2072 ap.
372 1984 468 2051 Clam.
493 1987 583 2052 Alex.
606 1990 719 2054 Strom.
743 1989 805 2068 VI,
830 1991 849 2054 2
875 1991 893 2074 t
920 1991 962 2054 10
985 1990 1030 2054 ita
1050 1989 1268 2076 corrigendum
1289 1996 1443 2077 censeret,

302 2108 338 2168 ut
360 2102 528 2191 legeretur:

500 2208 617 2308 χρόνος
639 2216 676 2286 δὲ
696 2217 797 2300 δείξει
820 2210 860 2301 α’,
885 2209 914 2304 ὥ
933 2217 1096 2308 τεκμηρίῳ
1118 2210 1238 2304 μαθών

499 2327 521 2422 ἦ
539 2324 659 2422 χρηςθν
680 2326 757 2399 ὄντα
776 2325 944 2420 μνοίσομαί
965 2329 995 2398 o’
1015 2329 1102 2422 ἤτοι
1121 2322 1226 2398 κακόν.

304 2414 360 2534 pro
386 2446 528 2511 codicum
553 2447 707 2533 scriptura
730 2464 768 2510 σε
791 2437 812 2534 ἢ
833 2436 937 2512 κακόν.
970 2449 1090 2537 Nempe
1122 2469 1170 2513 res
1200 2450 1247 2510 est
1273 2445 1444 2510 certissima

304 2563 438 2628 Graecos
469 2562 659 2647 antiquiores
686 2585 747 2627 non
772 2562 862 2628 aliter
887 2563 1115 2651 dixissequam
1140 2554 1212 2650 ἤτοι
1235 2563 1271 2648 (s.
1293 2557 1329 2649 ἢ)
1347 2592 1388 2604 -
1405 2548 1444 2647 ἢ,

304 2687 414 2745 contra
443 2701 608 2764 numquam
644 2680 765 2745 ratione
798 2672 921 2744 inversa
943 2669 1086 2768 η’-ἥτοι,
1120 2701 1216 2766 neque
1248 2662 1443 2765 ’ἤτοι-ἢτοι.

304 2797 450 2884 Carpitur
472 2784 611 2886 ιη’-ἢτοι
633 2795 701 2861 iure
728 2818 744 2859 a
768 2796 987 2862 Grammaticis
1012 2802 1042 2861 et
1065 2796 1244 2874 Atticistis,
1267 2797 1375 2878 estque
1399 2787 1444 2852 la-

304 2913 406 2980 bcntis
430 2897 618 2978 Graecitatis
649 2911 812 2977 indicium.
835 2911 977 2978 Aliorum
1003 2914 1199 2978 coniecturas
1221 2911 1254 2975 in
1278 2911 1308 2974 h.
1331 2906 1352 2970 l.
1375 2904 1445 2968 vide

304 3054 350 3117 ap.
385 3027 509 3094 Nauck.
542 3029 578 3092 fr.
611 3033 651 3092 61
686 3027 826 3101 Quarum
859 3029 1000 3114 quamvis
1030 3028 1117 3113 nul-la
1140 3027 1215 3091 mihi
1237 3024 1355 3112 placet,
1379 3024 1445 3108 ipse

305 3169 367 3210 non
392 3146 491 3231 magis
515 3143 627 3223 habeo,
651 3122 733 3230 quod
758 3151 875 3209 certum
900 3144 950 3210 sit.
974 3145 1070 3210 Poeta
1094 3145 1216 3232 quidem
1250 3142 1344 3231 digna
1366 3141 1445 3204 foret

304 3261 483 3328 huiusmodi
507 3261 626 3326 oratio:

512 3370 627 3463 χρόνος
648 3372 685 3440 δὲ
708 3373 808 3454 δείξει
829 3365 868 3455 α’,
891 3365 919 3459 ᾦ
940 3373 1103 3464 τεκμηρίῳ
1125 3378 1247 3458 μαθεῖν

511 3481 533 3576 ἢ
553 3480 673 3576 χρηςθν
695 3479 772 3553 ὄντα
792 3480 822 3553 o'
843 3481 865 3577 ἢ
886 3481 982 3555 κακόν
1003 3480 1190 3578 δυνήσομαι.

306 3603 359 3670 sed
383 3603 515 3669 multum
539 3603 642 3677 abest,
677 3607 713 3686 ut
736 3604 782 3667 ita
805 3624 874 3668 eum
902 3605 1063 3691 scripsisse
1085 3602 1270 3692 perhibeam.
1303 3602 1445 3667 Fortasse

307 3720 563 3808 acquiescendum
587 3718 620 3784 in
641 3719 745 3785 Grotii
774 3719 964 3785 correctione
985 3710 1053 3808 oa‘y’
1072 3711 1093 3808 ἢ
1113 3707 1218 3784 κακόν.

815 3924 934 3939 μ

350 4098 484 4164 Cramer.
498 4097 559 4160 An.
576 4096 631 4161 Gr.
648 4096 707 4160 Ox.
727 4099 750 4159 t.
772 4095 846 4172 ΙΙΙ,
871 4117 899 4180 p.
925 4042 1007 4171 194,
1032 4096 1067 4158 l:
1089 4089 1193 4179 Δηλοῖ
1213 4087 1267 4154 καί
1287 4082 1325 4154 το
1348 4078 1446 4169 αἷμα

306 4201 463 4285 πολλάκις
483 4207 538 4274 καλ
557 4201 612 4275 τόν
634 4199 737 4298 φόνον
758 4199 873 4275 αὐτόν·
895 4209 1043 4274 τοιοῦτον
1064 4203 1101 4272 δέ
1127 4229 1161 4270 τι
1189 4205 1278 4270 δοκεῖ
1302 4193 1340 4267 το
1366 4188 1448 4289 παρ’

308 4316 471 4415 Εὐριπίδη
494 4318 526 4387 ἐν
545 4320 594 4406 aqi
614 4314 669 4388 daci
695 4321 892 4411 Ψωφῖδος
912 4311 1144 4405 Ἀλμαίωνι·

505 4426 601 4521 Αἷμα
621 4429 682 4527 γάρ
703 4432 813 4526 (φησι)
836 4425 895 4501 σδν
913 4423 1018 4524 μήτηρ
1042 4425 1238 4523 ἀπενίψατο.
