3024 5264
725 466 766 530 51

228 640 335 703 Notus
368 642 414 703 esi
443 660 517 703 usus
544 637 626 702 verbi
652 633 830 724 φέρεσθαι,
861 639 914 703 ubi
946 637 1026 703 celer
1054 636 1185 721 impetus
1215 635 1312 721 signi-

182 753 326 819 ficandus
349 760 405 817 est.
431 756 478 848 ¹)¹

232 970 319 1037 Stob.
340 971 570 1037 LXXXVIII:
596 974 645 1035 10.
667 961 848 1059 Εὐριπίδου
867 960 962 1034 Ἰνοῖ.

391 1078 447 1172 τῆν
469 1075 640 1169 εὐγένειον,
662 1075 719 1148 κάν
740 1079 891 1169 ἄμορφος
913 1068 934 1167 ᾖ
956 1069 1090 1164 γάμος,

392 1221 432 1265 σι
438 1195 499 1277 uui
504 1217 540 1259 σι
561 1192 678 1260 πολλοὶ
699 1186 785 1281 πρὸς
805 1190 920 1259 τέκνων
941 1182 1031 1275 χάριν
1049 1190 1169 1272 λαβεῖν,

393 1297 431 1372 τά
454 1298 483 1370 ν’
502 1302 631 1387 άξῖωμο
649 1305 771 1387 μᾶλλον
791 1296 812 1392 ἢ
832 1297 874 1369 τά
893 1294 1051 1392 χρήματα.

234 1423 337 1486 Locus
359 1419 583 1497 conclamatum
613 1441 682 1483 nam
708 1441 809 1505 nequo
829 1440 873 1484 vs.
899 1421 915 1482 1
938 1404 1037 1500 γάμος
1066 1437 1136 1480 oum
1163 1402 1317 1501 άμσρφος

185 1542 272 1602 recte
292 1536 511 1622 coniungitur,
530 1556 628 1618 neque
646 1533 767 1615 τιμῶσι
788 1533 898 1615 ῖοβεῖν
919 1533 1036 1597 Graeca
1054 1536 1101 1596 est
1124 1528 1316 1614 compositio.

187 1653 296 1717 Loous
322 1652 474 1738 portinere
502 1649 626 1714 videtur
667 1647 705 1712 od
737 1646 770 1711 id
800 1668 898 1734 genus
930 1647 1085 1725 locorum,
1118 1647 1151 1710 in
1186 1642 1318 1710 Stobueo

188 1766 355 1833 admodum
383 1766 541 1849 frequens,
573 1764 611 1829 de
643 1785 704 1849 quo
739 1762 804 1849 ogit
835 1759 971 1828 Oobotus
995 1785 1023 1828 v.
1050 1761 1089 1827 ol.
1111 1761 1227 1826 Mnem.
1250 1757 1318 1837 IV,

188 1907 219 1970 ρ
244 1883 309 1947 267
329 1903 374 1967 sq.
397 1882 440 1946 Ni
463 1879 595 1945 multum
615 1878 720 1951 fallor,
744 1879 778 1941 iu
801 1880 882 1941 vol
912 1881 942 1941 et
962 1882 982 1941 2
994 1877 1131 1965 genuina
1142 1876 1216 1943 baso
1229 1878 1318 1940 sunt:

387 1986 444 2081 νῆν
463 1990 620 2078 εὐγένειαν
640 1984 697 2056 κάν
718 1981 874 2078 άμορφος
895 1977 975 2078 ρξ’*

388 2106 409 2143 ⁴⁶
429 2107 491 2170 οῖσι
509 2101 626 2170 πολλοὶ
647 2095 734 2191 πρδς
751 2099 867 2167 τέκνων
887 2096 980 2188 χάριν
998 2099 1118 2182 λαβεῖν.

237 2216 369 2303 Reliqua
390 2217 487 2282 stultu
506 2217 687 2281 correctoris
706 2215 915 2301 supplementa
930 2236 995 2279 esse
1009 2213 1125 2279 iudico.
1141 2214 1228 2299 Ipso,
1244 2212 1322 2277 duce

192 2334 359 2410 sententia,
393 2332 598 2419 supplendum
629 2353 693 2396 esse
716 2331 872 2416 suspicor:

346 2437 402 2532 νῆν
424 2437 600 2530 εὐγένειαν,
623 2437 680 2509 κάν
701 2439 855 2531 ἄμορφος
875 2429 896 2528 ἦ
916 2432 1036 2530 (γονή),

348 2556 505 2644 (θηρ)οῖσι
527 2554 645 2621 πολλοὶ
666 2547 752 2643 πρδς
772 2551 887 2620 τέκνων
907 2548 1000 2641 χάριν
1020 2553 1149 2635 λαβεῖν,

346 2658 384 2733 τό
405 2660 434 2732 ι’
455 2658 584 2751 άξῖωμα
603 2666 725 2748 μᾶλλον
745 2659 766 2754 ἢ
786 2660 836 2738 νά,
850 2659 1008 2752 χρήματα.

192 2780 250 2843 Vs.
274 2783 292 2844 1
317 2774 392 2870 γονή
413 2781 526 2865 requiri
550 2779 630 2845 vidit
651 2781 712 2843 iam
736 2781 901 2846 Nouokius
926 2781 964 2846 fr.
987 2783 1062 2846 409.
1084 2781 1155 2846 Hoo
1171 2780 1324 2865 fragmen-

192 2903 366 2961 summoto
389 2894 549 2961 cohaerere
573 2918 641 2960 oum
666 2897 858 2982 praecedenti
880 2897 973 2982 (408)
996 2897 1150 2961 sententia
1175 2894 1272 2959 docet.

241 3112 326 3178 stou.
349 3112 423 3191 ΟΧ,
448 3116 477 3176 5.
501 3105 682 3199 Εὐριπίδου
704 3106 803 3177 ῖνοῖ·

349 3215 477 3291 τοιάνδε
496 3215 558 3311 χρῆ
579 3221 702 3308 γυναικὶ
720 3212 912 3311 πρόσπολον
931 3219 949 3287 ε’
955 3221 1007 3303 ἄν,

350 3329 420 3424 ἥτις
441 3329 479 3402 ιδ
500 3334 558 3416 μὲν
578 3333 700 3400 δίκαιον
722 3326 760 3399 οὐ
782 3329 963 3421 σιγήσεται,

350 3440 392 3512 τά
412 3444 440 3512 δ’
461 3440 585 3534 αἰσχρά
600 3448 707 3529 μισεῖ
724 3443 779 3510 καὶ
797 3437 867 3510 κατ’
887 3437 1080 3533 δφθαλμοδς
1101 3439 1194 3527 ἔχει.

242 3561 298 3627 Vs.
311 3565 331 3626 3
345 3583 412 3647 ‚pro
436 3553 504 3643 ἔχει
526 3560 685 3625 Dobrueus
705 3565 736 3627 et
758 3559 915 3645 Bergkius
938 3558 1020 3648 ἐρεῖ,·
1037 3565 1133 3635 reete,
1149 3562 1184 3631 ut
1196 3557 1328 3621 videtur.

196 3677 260 3743 Sed
294 3676 384 3741 simul
419 3674 614 3745 scribendum
634 3678 748 3758 μισεῖν,
767 3673 827 3739 hoo
859 3697 962 3739 sensu:
989 3697 1124 3760 quosque
1153 3674 1259 3759 turpia
1295 3695 1328 3735 ιε

196 3795 298 3859 odisse
320 3793 414 3857 etiam
436 3814 535 3855 σονοοι
557 3794 632 3854 horo
648 3792 839 3876 profitebor.

243 3906 298 3971 Vs.
318 3910 336 3972 l
361 3929 433 3971 oum
457 3906 598 3971 Dobraeo
618 3907 791 3992 scripserim
815 3902 919 3986 νέμειν
933 3926 989 3991 pro
1005 3899 1068 3972 ἐάν.
1086 3903 1326 3973 Valckeuaerius

197 4021 332 4087 coniecit
363 4021 476 4104 περᾶν,
499 4021 582 4106 quod
621 4022 722 4086 miuus
753 4026 836 4086 teoto
859 4042 927 4084 oum
950 4021 1065 4085 Dativo
1084 4021 1173 4108 iungi
1194 4021 1328 4088 videtur.

199 4137 306 4201 Possis
330 4143 446 4200 tamen:

234 4336 258 4396 1)
276 4336 313 4386 cf.
335 4335 432 4386 Observ.
448 4337 529 4387 coitio,
546 4337 580 4387 iu.
597 4337 626 4386 fr.
640 4354 700 4387 com.
716 4353 794 4401 graec.
812 4354 835 4402 p.
849 4339 894 4397 15,
915 4337 955 4386 ubi
968 4339 1069 4388 eundem
1082 4354 1187 4388 errorem
1200 4337 1290 4387 correxi
1302 4336 1328 4384 iu

199 4421 253 4469 looo
275 4421 432 4473 Pherecratio.
562 4470 565 4474 ,
