3024 5264
743 418 765 486 3

183 600 269 668 undu
280 598 476 676 adhibentur,
487 598 539 665 sed
554 597 626 663 addi
649 597 728 663 solet
746 600 801 663 aut
821 617 883 675 res,
906 617 966 681 quo
989 594 1031 660 sit
1054 591 1167 680 aliquis
1177 590 1322 671 inferior,

186 723 240 783 aut
262 739 401 806 persons
424 717 498 782 Nisi
519 714 627 794 fallor,
648 713 823 800 Aeschylus
846 713 1032 799 scripseratz

360 822 446 917 άγοιν
469 822 531 918 γάρ
552 821 673 916 ἄνδρας
693 821 732 895 ου’
754 826 843 912 μένει
861 823 1087 910 λελειμμένους
1105 864 1145 876 -

185 946 232 1010 ie.
254 947 368 1012 clareas
390 947 471 1010 αιιιίιι
493 946 577 1009 uiros
598 967 658 1008 aaa
678 945 845 1030 inferiores
867 942 1037 1009 alacritate
1058 979 1104 991 -

229 1285 280 1351 Ad
302 1284 428 1351 eundem
455 1285 646 1373 tragoediam
676 1289 752 1352 sunt
784 1284 837 1370 qui
871 1285 1006 1350 referant
1038 1280 1115 1347 duos
1138 1294 1245 1346 versus
1275 1300 1324 1364 ap.

185 1397 288 1465 Sehol.
312 1398 390 1466 Ven.
412 1401 459 1464 ad.
482 1400 574 1466 Iliad.
594 1402 645 1482 N,
671 1405 751 1468 198:

358 1506 472 1581 Εἶλκον
490 1507 521 1581 δ’
540 1505 605 1579 άνοι
621 1509 765 1604 λοιιηιλόν,
786 1505 872 1578 ὥστε
891 1501 1025 1580 διπλάοι

358 1616 448 1692 λάκοι
466 1624 581 1716 νέβρον
599 1627 760 1717 φέρουσιν
777 1618 883 1713 άμφὶ
902 1618 1133 1708 μασχάλαις.

229 1739 295 1805 ulii
327 1741 456 1806 fortasse
486 1764 533 1807 me
567 1742 721 1808 feliciores
757 1742 941 1827 interpretes
976 1744 1068 1804 eruut
1102 1732 1322 1801 vocabulorum

187 1851 379 1940 φέρουσιν
398 1845 504 1943 άμφλ
530 1847 766 1942 μασχάλαις.
789 1857 859 1944 Ego
883 1857 944 1920 ista
970 1877 1033 1919 non
1057 1852 1156 1938 magis
1178 1849 1323 1937 intelligo

185 1989 275 2052 quam
297 1969 583 2055 interpretationem
607 1973 767 2038 Latinam:
795 1974 947 2056 auferant
969 1973 1052 2036 eirea
1086 1969 1210 2034 naillas.
1242 1965 1325 2030 Vide

185 2089 284 2148 tumen
299 2105 335 2148 au
357 2086 435 2149 forte
447 2084 480 2165 ἐξ
491 2077 659 2175 ἀμηχάνων
668 2079 773 2176 πόρον
787 2089 958 2154 invenerim
980 2084 1167 2174 suspicando
1184 2084 1216 2148 in
1228 2083 1323 2149 libro·

185 2221 252 2265 rum
279 2199 449 2286 scriptura:
486 2206 1121 2270 ΦΕΡΟΥΣΙΝΑΜΦΙΜΑΣΧΑΛΛΙΣ
1145 2199 1324 2265 delitescere

186 2313 320 2379 hancce:
344 2319 996 2397 ΦΕΡΟΥΣΙΓΑΜΦΗΛΑΙΣΚΑΛΗΝ,
1030 2315 1153 2381 collatis
1185 2315 1324 2381 versibus

186 2430 378 2508 Homericis,
401 2450 479 2514 quos
498 2433 588 2514 poeta
610 2427 762 2494 imitatur.
801 2429 964 2495 Poetarum
989 2436 1090 2497 autem
1115 2433 1259 2521 princeps
1282 2431 1324 2507 l.l‚

184 2547 230 2611 ita
253 2547 356 2612 canit:

302 2652 386 2739 ’Ὡςε
408 2648 458 2724 dd’
481 2647 557 2744 αλγα
577 2653 686 2724 λέοντε
708 2659 808 2724 κυνῶν
829 2651 897 2725 ὕπο
917 2651 1186 2751 καρχαροδόντων

310 2762 497 2861 ἁρπάξαντε
519 2767 662 2859 φέρητον
683 2761 743 2834 duel
764 2763 900 2862 ῥωπὴϊά
917 2764 1037 2854 πυκνά,

306 2876 399 2974 ὑψοῦ
417 2874 502 2972 άιιέρ
525 2881 620 2970 γαίης
639 2875 723 2966 μετά
744 2885 1002 2975 γαμφηλῇσιν
1022 2881 1149 2970 ἔχοντε·

228 2999 323 3076 Unde
344 2999 467 3086 tragico
489 2996 696 3063 reddiderim:
769 3054 771 3057 .

339 3104 430 3181 λάκοι
450 3110 565 3202 νέβρον
587 3110 731 3201 φέρουσι
752 3113 979 3202 γαμφηλαῖς
999 3105 1125 3204 καλήν.

228 3461 417 3530 Plutarchus
432 3461 514 3526 Mor.
530 3483 558 3547 p.
577 3459 661 3524 1087
681 3459 715 3524 F.
734 3459 869 3526 servavit
884 3461 1109 3548 fragmentum,
1124 3483 1186 3547 quo
1199 3460 1326 3528 Philoc-

182 3587 263 3646 tetes
282 3579 380 3647 morbi
405 3578 454 3644 sui
481 3576 637 3662 originem
659 3577 787 3662 exponit
817 3574 902 3641 hune
922 3576 955 3640 in
981 3576 1118 3642 modum:

383 3684 422 3759 ori
441 3676 504 3780 γάρ
526 3683 655 3758 δακών
674 3685 798 3779 άνῆκεν,
820 3682 890 3756 αλλ’
910 3681 1059 3776 ἕνηλκισεν

382 3797 487 3894 derude
506 3796 655 3889 geawede
675 3798 863 3893 ἔκφυσιν,
883 3797 989 3878 ποδὸς
1008 3794 1126 3886 λαβών.

229 3920 446 4006 volupttem
466 3909 572 3985 daseia
591 3941 647 4005 pro
669 3910 797 4007 δράκων
817 3941 855 3984 ex
877 3920 1001 4006 egregia
1015 3919 1190 4008 Hirsehigii
1203 3920 1325 3987 aoniae·

182 4043 255 4104 ιιι·
280 4036 420 4103 restituit
441 4035 606 4103 Neuekias
633 4036 682 4120 (fr.
707 4036 796 4123 248).
821 4034 877 4100 Vs.
894 4038 932 4114 2,
960 4037 993 4101 iu
1021 4057 1082 4120 quo
1104 4028 1250 4117 ςομωιόν
1269 4018 1325 4123 pro

184 4142 335 4236 ςομάταιν
358 4152 485 4219 debetur
510 4151 756 4231 Valckenaerio,
787 4151 955 4218 videndum
979 4157 1041 4229 est,
1063 4171 1174 4237 supro
1191 4143 1326 4239 tapsum

183 4269 438 4336 substituendum
485 4269 528 4338 sit
554 4262 729 4351 atavae,
762 4267 1020 4354 quemadmodum
1052 4264 1243 4351 Aeschylum
1269 4258 1326 4328 ada

183 4381 420 4471 λξιιιιυσμένοι
440 4374 490 4454 ἰόν
507 4385 529 4454 ‘a
545 4405 575 4450 e.
602 4407 619 4453 e
641 4385 781 4472 viperina
795 4407 895 4455 aaran
914 4407 1062 4453 νιοιιιιιιιι
1076 4382 1160 4475 (Oia.
1175 4382 1267 4451 Tusa.
1279 4378 1325 4461 ΙΙ,
