3024 5264
635 462 697 523 171

141 636 159 717 0
183 638 223 697 35
243 656 303 697 non
323 635 430 708 mirer,
453 635 478 697 si
503 634 667 699 voeabula:
685 634 737 698 καὶ
761 626 836 699 ου’όέ
857 632 889 700 έν
908 637 949 724 τῇ
971 631 1124 724 ἡμεδαπῇ
1138 628 1227 722 dipem

95 742 290 811 κελευόντων
310 746 374 811 τοῖν
394 737 516 828 νόμων,
545 741 587 812 σύ
607 747 707 822 δίδως
727 738 814 832 dipem
835 739 1044 831 πανταχόθεν
1064 751 1101 815 ab
1130 751 1226 814 inter·

95 859 249 945 prolatore,
284 861 496 946 praecedentia
528 860 605 926 male
628 861 846 949 interpretanti
866 864 1002 947 profecta
1041 866 1112 930 sint.
1144 866 1226 930 Con·

97 975 244 1039 fidentius
263 977 295 1040 in
314 983 448 1041 extrema
476 981 490 1062 §
513 976 599 1041 deleo
619 975 732 1038 κακοῦν
753 986 824 1062 post
847 976 1073 1058 λυμαίνεσθαι.

140 1090 230 1175 Mt:
254 1082 308 1153 έοὶν
330 1088 417 1177 πέρα
437 1082 528 1177 ὅρου,
551 1089 661 1178 φησὶν,
683 1085 796 1176 ἐλαύνῃ
820 1082 853 1176 [ἢ
873 1088 973 1177 φέρῃ]
997 1082 1017 1176 ἢ
1037 1082 1109 1176 ἄγῃ.
1128 1092 1228 1156 Addi-

95 1212 160 1270 tum
189 1209 236 1268 est
259 1190 281 1289 ἧ
306 1199 395 1288 ῳέρῳ
425 1226 442 1266 a
469 1203 583 1281 sciolo,
604 1205 656 1287 qui
685 1204 865 1268 meminerat
884 1202 1032 1267 formulae
1056 1196 1144 1291 ύγειν
1174 1203 1229 1268 καὶ

96 1316 231 1406 φέρειν,
253 1338 329 1400 quae
347 1316 383 1380 ab
396 1317 455 1382 hoc
478 1317 547 1382 loco
560 1340 685 1404 prorsus
705 1318 805 1382 aliena
823 1326 879 1381 est.
915 1319 1035 1383 Bonum
1055 1319 1171 1382 factum
1194 1319 1227 1381 in

96 1431 156 1496 hac
187 1430 289 1494 eadem
324 1433 341 1515 0
375 1456 442 1497 mox
469 1440 551 1498 recte
585 1435 683 1517 sequi:
723 1430 757 1496 ἐκ
791 1430 848 1515 μέν
878 1426 917 1519 δὴ
946 1423 1065 1518 ταύτης
1096 1429 1229 1497 δίδωσιν

94 1535 269 1610 ἐλαύνειν
290 1543 356 1608 καὶ
377 1538 502 1630 ἄγειν,
535 1544 623 1634 πέρα
644 1538 674 1611 δ’
696 1537 752 1610 min
773 1541 810 1629 έᾷ
841 1537 991 1609 τούτων
1021 1534 1229 1631 ούδέτερον

94 1659 216 1736 ποιεῒν;
235 1680 312 1741 quae
334 1659 424 1725 verba
447 1660 628 1747 planissime
651 1660 801 1724 evincunt
830 1681 935 1724 verum
955 1680 1035 1736 esse,
1056 1657 1138 1744 quod
1161 1679 1229 1744 per·

94 1770 246 1836 hibebam.

138 1890 154 1972 §
179 1891 261 1952 128:
286 1881 316 1949 εἰ
335 1884 393 1966 μὲν
412 1881 474 1973 γολρ
495 1880 547 1952 ἐπ’
568 1879 648 1953 ἄλλο
674 1912 706 1953 τι
733 1878 877 1974 ταύτην
902 1881 962 1971 τήν
993 1877 1104 1951 dcem
1133 1876 1231 1967 ἐλύμ-

93 2002 172 2081 βανε
192 1989 260 2086 [τήν
279 1995 313 2062 ἐκ
330 1999 390 2063 τοῦ
408 1997 638 2086 ψηφίσματος]
659 1991 734 2086 ἢτοὶ
755 1995 1008 2086 Κερσοβλέπτου
1032 1988 1228 2085 πράγματα,

93 2101 188 2198 ἧττον
208 2101 247 2173 dv
267 2097 308 2193 ἦν
327 2102 439 2176 δεινόν.
462 2112 509 2176 Of.
533 2113 758 2197 praecedentia.

138 2226 152 2308 5
179 2224 260 2287 142:
295 2219 327 2286 ἕν
357 2215 397 2311 δή
429 2217 609 2313 Λαμψάκῳ
642 2224 725 2300 τινές
756 2216 931 2312 ἅνθρωποι
959 2223 1117 2311 γίγνονται
1148 2213 1227 2289 δύο·

98 2327 310 2424 Θερσαγόρας
331 2325 453 2417 όνομα
474 2333 583 2422 αύτῷ,
607 2337 766 2426 θατέρῳ
788 2331 817 2404 d'
836 2327 1007 2425 Ἐξήκεςος.
1030 2336 1085 2404 Sic
1098 2361 1133 2402 ex
1146 2339 1227 2424 opti-

95 2451 154 2514 mis
175 2448 262 2512 codd.
282 2448 380 2512 edidit
400 2451 577 2530 Bekkerus‚
597 2475 689 2537 quam
708 2458 808 2517 tamen
829 2454 1012 2539 scripturam
1034 2455 1228 2541 depravatam

95 2588 160 2630 esse
183 2569 270 2629 extra
293 2587 412 2628 omnem
435 2567 658 2633 dubitationem
679 2570 814 2654 positum
834 2576 889 2635 est.
914 2570 1010 2635 Haud
1030 2594 1102 2635 sane
1121 2593 1226 2656 parum

95 2678 283 2745 tolerabilior
304 2685 351 2744 eat
373 2680 485 2759 lectio,
509 2706 598 2767 quam
623 2686 757 2749 offerunt
781 2685 869 2749 codd.
893 2686 928 2749 λε
951 2676 1057 2749 αύτῶν
1079 2682 1226 2771 θατέρῳ,

93 2793 144 2878 τῷ
163 2784 211 2876 d',·
233 2794 285 2858 sed
310 2796 408 2859 tutius
433 2797 554 2862 videtur
575 2799 933 2890 optimorumqlibrorum
958 2800 1046 2864 fidem
1072 2797 1227 2882 sequenti,

93 2906 146 2971 sed
164 2909 294 2993 repetito
310 2910 414 2975 eodem
426 2913 585 2992 vocabulo,
608 2913 723 3001 legere:
745 2905 955 3003 Θερσαγόρας
977 2904 997 2979 ii
1004 2935 1047 2977 νο
1054 2904 1088 2994 μ’
1108 2903 1228 2975 αὐτῶν

93 3020 265 3109 θατέρῳ,
295 3022 456 3113 θατέρῳ
478 3019 508 3091 d'
528 3019 698 3116 Ἐξήκεςος.

138 3135 156 3218 d
181 3138 260 3199 143:
287 3123 356 3218 ἧκε
386 3135 445 3218 μέν
473 3131 534 3226 γολρ
566 3133 584 3204 ὁ
617 3129 830 3227 Θερσαγόρας
856 3137 911 3202 καὶ
940 3129 958 3203 ὁ
992 3129 1147 3223 Ἐξήκεςος
1180 3131 1228 3208 εἰς

92 3244 233 3331 Λέσβον.
254 3249 408 3337 Legatur:
438 3241 528 3338 ἧκον
546 3250 604 3333 μέν
623 3249 686 3316 nai.

139 3363 157 3446 0
179 3365 239 3428 149
254 3389 260 3429 :
283 3365 506 3448 μισθουμένου
531 3361 700 3447 Τιμοθέου
715 3352 814 3427 πόλιν
829 3352 926 3426 αύτόν
939 3358 992 3424 καὶ
1007 3352 1045 3425 τό
1062 3349 1228 3447 ςρόιτευμα

91 3465 218 3561 τούτῳ
239 3476 307 3561 μέν
328 3469 367 3542 ού
387 3481 504 3561 μισθοῖ
525 3474 588 3541 κτέ.
612 3478 771 3563 Requiroz
802 3463 929 3557 τούτῳ
950 3472 1018 3555 μέν
1044 3464 1160 3536 αύτόν
1189 3462 1229 3536 ού

91 3591 228 3671 μισθοῖ,
253 3591 303 3655 c11.
327 3592 369 3676 00
395 3591 475 3669 150,
500 3595 582 3668 150,
608 3593 671 3657 158
715 3595 797 3670 162,
822 3592 884 3653 180
910 3592 940 3651 et
964 3587 1087 3671 passim.

137 3703 155 3786 0
181 3705 262 3770 15οε
282 3697 482 3794 ὀλιγωρήσας
500 3706 562 3768 τῶν
582 3698 685 3792 ὅρκων
705 3702 768 3781 [καὶ
791 3693 946 3789 παραβολς
967 3691 1097 3775 αύτούς]
1120 3696 1182 3762 κτέ.

137 3819 155 3902 t
172 3821 238 3886 220
249 3826 325 3886 extr.
343 3809 500 3906 ὑπερβάς,
524 3818 602 3884 male
621 3819 785 3903 repetitum
803 3839 819 3882 e
837 3813 1057 3902 superioribua,
1076 3811 1225 3878 exsulato.

135 4163 275 4230 Conran
300 4168 560 4231 Anonorronnn.

135 4283 150 4364 §
174 4284 235 4345 38:
259 4279 340 4354 ἴσως
359 4270 555 4366 οἷναβὴσεται
577 4276 630 4342 καὶ
651 4279 778 4365 συνερεῖ
795 4275 837 4364 τῇ
855 4274 960 4363 βουλῇ
983 4273 1150 4348 Φίλιππος
1171 4272 1225 4337 καὶ

87 4385 264 4480 Ἀντιμένης
285 4384 380 4458 καὶὸ
407 4383 624 4479 α’ντιγραφεύς
655 4389 708 4455 καί
738 4411 822 4463 τινες
850 4379 961 4467 ἄλλοι,
995 4384 1112 4473 οἵπερ
1144 4384 1226 4449 ἐκεῖ
