3024 5264
186 553 372 630 Bernha'rdii
393 562 579 630 coniectura
602 562 740 629 Videant
764 569 866 631 tamn
890 567 950 632 viri
967 565 1053 632 docti
1081 588 1184 632 auuou
1206 564 1325 634 leuiore

185 682 359 747 mutatione
378 680 474 746 scribi
494 681 706 769 praestiterit:

454 795 547 860 πᾶσα
565 787 627 882 γᾶρ
652 793 757 882 Τροία
778 794 966 862 δέδοικεν
983 793 1047 862 κτὲ.

229 909 347 976 Eodem
381 907 472 974 modo
495 910 579 996 Sept.
603 907 671 973 adv.
695 909 791 974 Theb.
815 932 858 976 ve
895 915 961 978 1⁰4
995 910 1123 976 chorum
1150 909 1323 976 mulierum

184 1026 297 1092 timore
319 1025 530 1112 perculsarum
553 1025 704 1089 cecinisse
722 1031 815 1110 puto:
835 1016 957 1092 κτύπον
976 1024 1157 1092 δέδοικα·
1176 1015 1326 1111 πάταγος

185 1136 243 1225 ούχ
270 1133 341 1216 ἑνός
361 1129 476 1228 δορός·
506 1163 569 1207 uou
599 1140 649 1219 id,
685 1142 768 1226 quod
801 1141 949 1206 unanimo
991 1140 1134 1206 codicum
1171 1161 1325 1205 consensu

184 1253 277 1319 hodie
288 1253 409 1321 editur:
432 1242 555 1322 κτύπον
574 1254 748 1342 δέδορκα
765 1252 835 1338 xri,
856 1280 947 1343 quem
970 1256 1133 1323 admodum
1147 1254 1324 1344 significavi

184 1371 246 1436 iam
277 1370 368 1437 alibi.¹
384 1371 432 1437 cf.
455 1371 497 1436 ib.
520 1392 564 1437 vs.
589 1373 668 1450 113,
695 1374 759 1438 124
782 1379 813 1437 ct
837 1377 912 1440 184

674 1581 828 1595 Q

229 1709 305 1776 oth.
337 1710 368 1776 X
400 1732 429 1797 μ
460 1714 524 1800 441
558 1710 586 1775 b.
608 1703 665 1776 τόν
684 1709 721 1777 δέ
742 1711 891 1800 κρίθινον
917 1702 1001 1778 οἶνον
1026 1709 1080 1775 καλ
1099 1700 1220 1797 βρῦτόν
1240 1731 1325 1786 τινες

184 1824 349 1891 καλοῦσιν·
365 1814 555 1912 μνημονεύει
564 1823 602 1891 δέ
615 1825 674 1889 τοῦ
689 1815 848 1908 πώματος
862 1816 1029 1909 Αἰσχύλος
1037 1822 1070 1889 ἐν
1090 1813 1325 1910 Λυκούργῳ·

359 1927 418 2000 κοῖκ
438 1928 533 2002 τοῖνδ’
554 1932 644 2002 ε”πινε
663 1938 784 2024 βρῦτον
806 1934 975 2020 ἰσχναένων
995 1927 1135 2024 χρόνῳ,

361 2040 618 2133 κάσεμνοκόμπει
639 2041 728 2114 τοῦτ’
749 2047 781 2115 ἐν
802 2041 937 2137 α’νδρείᾳ
957 2048 1043 2138 ςέγγγ.

230 2164 384 2251 Corrupto
415 2163 561 2229 videntur
592 2164 754 2249 utriusque
785 2187 828 2230 vs.
861 2165 1009 2229 vocabula
1032 2163 1141 2230 ultima
1163 2151 1271 2251 χρόνῳ
1294 2172 1325 2230 et

186 2275 272 2366 ςέγγγ.
296 2276 357 2346 Pro
379 2279 435 2345 illo
456 2272 557 2366 χρόα,
578 2301 634 2366 pro
658 2279 716 2345 hoc
738 2276 842 2354 τιθείς
863 2281 1059 2368 reposuerim.

230 2626 304 2694 Ath.
337 2626 403 2693 XV
425 2649 453 2714 p.
479 2631 554 2694 ert.
585 2618 753 2712 Αἰσχύλος
783 2619 813 2694 δ’
843 2626 876 2694 ἐκ
905 2629 954 2714 τῷ
983 2625 1129 2713 λυομένῳ
1150 2632 1327 2716 Προμηθεῖ

185 2743 305 2828 σαφῶς
324 2761 425 2830 φησιν
445 2734 496 2807 ότι
515 2738 571 2806 ἐπὶ
591 2742 670 2828 τιμῇ
688 2740 748 2805 τοῦ
767 2738 974 2830 Προμηθέως
994 2732 1051 2806 τόν
1072 2737 1212 2828 ςὲφανον
1230 2763 1325 2828 περι·

185 2852 316 2939 τίθεμεν
342 2855 383 2941 τῇ
403 2850 678 2942 κεφαλῇ-καίτοι
698 2849 731 2918 ἐν
749 2853 790 2940 τῇ
809 2849 1055 2942 ἐπιγραφομένῃ
1071 2851 1192 2940 Σφιγγὶ
1207 2844 1325 2920 εἰπών·

373 2968 422 3051 τῷ
442 2963 480 3032 δέ
500 2963 581 3050 ξένῳ
603 2987 641 3052 γε
662 2963 814 3052 ςέφανος,
838 2955 974 3052 ἀρχαῖον
995 2961 1132 3053 ςέφος,

372 3079 501 3161 δεσμῶν
521 3068 635 3167 ἄριςος
656 3074 690 3143 ἐκ
710 3075 916 3166 Προμηθέως
938 3068 1045 3163 λόγου.

191 3232 195 3238 ·
228 3192 357 3282 Στέφος
376 3209 477 3258 errore
499 3212 516 3257 e
538 3190 736 3280 praecedenti
760 3186 902 3278 ςέφανος
922 3195 1028 3256 natum
1047 3210 1114 3256 esse
1132 3191 1274 3279 suspicor
1292 3197 1324 3259 et

184 3307 373 3395 Aeschylum
396 3307 533 3375 dedisse:
557 3344 597 3356 -
621 3297 757 3395 α’ρχαῖον
776 3301 919 3381 πλέκος
939 3301 1002 3372 nt.

229 3665 388 3728 Acceutus
418 3656 543 3724 doctum
564 3657 743 3742 ceteroquin
757 3656 1001 3722 Grammaticum
1014 3655 1170 3742 decepisse
1190 3654 1322 3731 videtur,

184 3777 238 3864 qui
261 3784 368 3842 auctor
391 3781 439 3843 est
464 3773 583 3841 Scholii
613 3775 647 3839 in
675 3772 816 3840 Platonis
843 3770 960 3857 Oratyl.
983 3795 1012 3860 p.
1035 3773 1100 3837 421
1126 3772 1167 3839 D.
1200 3771 1324 3837 Laudat

185 3893 266 3959 euim
292 3892 332 3957 ad
354 3893 447 3958 verba
469 3890 647 3958 Platonica:
669 3876 755 3976 dyoiv
779 3877 951 3976 πρόφασιν
968 3878 1026 3951 otiu
1053 3876 1201 3970 ἀναμένει
1220 3885 1323 3952 locum

185 4007 391 4094 Aeschyleum
414 4032 431 4073 e
458 4005 577 4074 (ἕλκοιο
599 4006 766 4072 Ρολνιίιιινι·
787 4003 927 4068 huncce:
957 3988 1043 4083 ἆγιύν
1062 3991 1124 4088 γάρ
1142 3991 1265 4089 ἄνδρας
1284 3992 1326 4068 ού

184 4119 527 4207 μένειλελειμμέισυς.
552 4121 652 4196 Quem
688 4143 809 4187 versum
843 4116 958 4184 Latine
990 4115 1036 4180 sic
1066 4115 1324 4206 interpretantur:

189 4240 348 4304 Certamen
370 4260 430 4302 ιιοιι
447 4237 522 4324 fert
545 4240 629 4304 νὶιοι
647 4237 822 4324 inferiores.
853 4233 914 4300 Sed
940 4255 1040 4319 uequs
1073 4226 1177 4311 με’νεεν
1207 4233 1325 4300 Graece

186 4354 314 4445 punitur
331 4374 368 4422 eo
386 4376 478 4420 sensu
498 4376 561 4440 quo
581 4351 759 4438 ἀναμένειν,
778 4373 877 4439 ueque
888 4346 1067 4419 λείπεσθαι
1077 4354 1110 4416 et
1119 4344 1326 4433 λελειμμένος
