3024 5264
795 439 858 498 164

308 616 324 696 ς
352 608 422 669 124.
447 605 626 671 vocabula:
650 606 815 694 ἐκκλησίαν
832 602 895 696 γύρ
910 651 949 664 -
964 609 1018 676 καὶ
1038 610 1225 698 χρωμένους
1243 614 1292 698 τρῖ
1323 615 1397 700 θεῷ

263 711 324 785 non
359 721 506 785 Aeschini
541 723 592 786 sed
625 723 719 786 veteri
757 723 877 786 cuidam
914 727 1116 811 grammatico
1145 727 1308 793 tribuenda
1331 751 1396 792 csse

262 838 376 902 iudico.
389 838 513 902 Iudices
525 839 605 904 enim
620 839 690 914 illa,
714 840 822 918 credo,
844 840 974 905 docendi
997 865 1059 905 non
1084 848 1179 908 erant.
1202 845 1239 908 In
1261 844 1395 931 eademg

262 953 434 1019 scribatur:
463 946 567 1028 πολύς
596 946 626 1019 δ’
656 948 789 1029 έπαινος
813 942 850 1041 ἦν
868 957 925 1043 τῆς
946 949 1108 1042 ἡμετέρας
1128 948 1272 1039 πόλεως,
1295 957 1396 1023 deleto

260 1057 342 1132 κατό
372 1072 443 1132 ante
472 1068 547 1157 τῆς,
584 1090 674 1154 porro
707 1066 800 1144 τέλος
821 1066 858 1130 δὲ
881 1063 1003 1153 παντός
1032 1070 1090 1134 τοῦ
1109 1060 1306 1155 συλλόγου
1340 1097 1395 1159 pio

260 1205 286 1245 τ.
309 1182 337 1246 δ.
359 1203 395 1257 π,
417 1206 445 1246 τ.
467 1178 595 1268 λόγου,
621 1185 660 1247 cl.
684 1196 700 1274 g
728 1183 789 1248 126
814 1189 892 1248 extr.
970 1178 973 1186 ’

306 1307 322 1385 g
348 1297 432 1360 131:
476 1288 723 1373 οἷπαίδευτος
753 1290 797 1362 ιῖλν
824 1295 879 1361 καὶ
906 1289 1080 1364 α’πολαύοιν
1107 1291 1397 1383 κολμπιμπλόμενος

259 1407 519 1497 τῇς-ἐξουσίας.
550 1410 649 1482 Quam
683 1405 900 1478 decennovales
935 1412 992 1476 hac
1028 1413 1243 1478 criminatione
1277 1416 1396 1482 tribuat

261 1530 363 1588 orator
388 1524 607 1604 Demostheni,
633 1550 693 1592 non
712 1528 873 1614 perspicio.
898 1531 947 1591 An
972 1529 1051 1592 torte
1074 1529 1217 1594 dederat:
1236 1523 1396 1618 οἷναιδὴς

261 1630 306 1701 α’λν
327 1634 400 1702 uui?

307 1753 324 1833 S
351 1753 426 1816 140:
448 1751 501 1817 καὶ
521 1748 577 1819 τόν
597 1746 897 1836 πόλεμον-τοῦτον
912 1744 1009 1819 πόλιν
1023 1747 1100 1836 [τόν
1121 1748 1217 1820 αὐτόν
1236 1746 1396 1837 πόλεμον]

263 1857 413 1952 ἐπήγαγε.
442 1869 589 1954 Suspecta
614 1869 689 1933 mihi
718 1869 865 1932 vocabula
889 1868 1034 1932 cancellis
1058 1869 1185 1933 munivi.
1219 1871 1257 1933 In
1282 1871 1397 1934 vicinia

262 1978 330 2065 lege
353 1976 496 2046 ἐνταῦθα
516 1973 555 2071 δή
576 2007 630 2070 pro
654 1975 785 2050 ἐνταῦθ’
806 1975 877 2069 ἤδη.

309 2097 431 2183 5154:
453 2091 631 2174 μελλόντων
660 2090 771 2182 ὥσπερ
804 2092 871 2159 νυνὶ
900 2095 962 2157 τῶν
993 2095 1170 2180 τραγωδολν
1201 2093 1396 2179 γίνεσθαι.

263 2209 417 2295 Taylorus
449 2207 731 2296 ἀγωνίζεσθαι.
765 2211 831 2273 Aut
861 2209 906 2271 sic
946 2207 1159 2285 scribendum,
1181 2214 1234 2273 aut
1255 2204 1395 2289 εἰσιέναι,

264 2326 303 2390 cl.
325 2328 342 2408 5
365 2326 439 2391 204.

309 2450 325 2530 5
351 2443 434 2507 157:
462 2429 655 2527 οἰγομένας
677 2441 861 2523 γυναῖκας
881 2435 945 2502 καὶ
976 2437 1125 2511 παῖδας
1154 2434 1202 2511 εἰς
1230 2433 1396 2515 δουλείαν,

263 2549 452 2643 πρεσβύτας
471 2545 729 2640 οἷνθριύπους,
752 2541 973 2637 πρεσβύτιδας
986 2552 1134 2635 γυναῖκας
1153 2540 1221 2635 ὀψέ
1236 2571 1398 2631 μεταμαν-

265 2661 426 2741 θάνοντας
454 2660 511 2755 τήν
542 2661 744 2755 ἐλευθερίαν.
780 2666 943 2752 Suspicorz
985 2656 1209 2746 ἀγομένους
1238 2660 1397 2733 παῖδας

264 2776 329 2844 καὶ
350 2784 537 2864 γυναῖκας
557 2778 581 2845 ἕ.
606 2781 635 2845 δ.
654 2804 712 2865 πρ.
734 2772 899 2868 ἄνδρας,
922 2775 985 2844 uec.
1006 2779 1147 2843 Fortasse
1160 2773 1396 2850 tamen‚eiectis

265 2892 423 2959 vocabulis
446 2887 646 2981 οἷνδρώπους
673 2900 704 2959 et
740 2896 901 2978 γυναῖκας,
932 2893 994 2980 legi
1029 2899 1174 2979 praestat:
1208 2878 1398 2976 πρεσβύτας

265 3006 489 3095 πρεσβιπλδας
511 3000 577 3095 ὀψέ
597 3008 660 3073 xci.

311 3127 327 3205 5
354 3124 436 3186 164:
459 3121 512 3186 καὶ
528 3119 733 3208 χρυσοκέροιν
751 3110 925 3185 όποκαλαλν
955 3117 1008 3184 καὶ
1040 3114 1301 3201 κατέςεφθαι
1330 3135 1397 3197 φα-

266 3257 368 3317 σκοιν,
390 3237 424 3300 εἲ
440 3260 472 3301 τι
492 3238 640 3312 πταῖσμα
662 3224 863 3319 συμβήσεται
884 3222 1106 3317 Ἀλοξόνδρῳ,
1124 3226 1186 3292 κτέ.
1216 3226 1397 3311 Requiritur

265 3344 513 3432 καταςέψεσδαι
533 3370 587 3433 pro
612 3344 822 3432 κατεςέιγθαι.

313 3473 329 3552 g
355 3467 438 3528 167:
461 3456 502 3526 οδ
523 3455 586 3548 γδρ
607 3454 645 3525 ἂν
666 3451 774 3545 κιόμιγν
792 3449 990 3545 α’ποςύοαις;
1022 3459 1071 3520 An
1095 3459 1173 3522 forte
1193 3458 1263 3541 post
1290 3440 1398 3534 κώμην

267 3577 384 3642 excidit
407 3576 469 3642 καὶ
489 3575 606 3662 ctae?
628 3576 770 3640 Fortasse
783 3580 883 3638 tumen
896 3572 1029 3636 sufficit:
1052 3564 1093 3636 σύ
1116 3563 1177 3656 γδρ
1200 3559 1270 3630 κόλν
1291 3552 1400 3647 κώμην
1433 3608 1436 3614 .

266 3682 463 3774 οἷποςὴσαιςξ

309 3811 326 3890 §
353 3806 435 3870 175:
468 3793 499 3872 ‘0
527 3795 589 3890 γὰρ
624 3793 734 3869 Σόλων
754 3789 789 3887 [ό
809 3796 950 3873 παλαιός
970 3793 1177 3881 νομοθέτης]
1222 3789 1399 3856 Abiicictur

267 3920 392 3986 tandem
414 3916 526 3983 inutile
548 3916 639 3982 scioli
662 3916 912 3980 additamentum.
940 3899 944 3905 ⁶

312 4036 329 4116 S
354 4039 417 4100 190
441 4037 634 4121 expungatur
657 4023 675 4098 δ
696 4019 913 4117 γραμματεύς.

313 4155 432 4238 §2532
456 4143 549 4213 ἔλιπε
570 4144 628 4230 μὲν
647 4136 704 4229 τῆν
725 4134 807 4237 [ἀπό
826 4141 885 4206 τοῦ
914 4135 1130 4226 ςρατοπέδου]
1162 4129 1250 4214 τάξιν
1270 4123 1400 4217 ἀπέδρα

268 4261 298 4332 δ’
320 4265 353 4330 ἐκ
370 4267 429 4351 τῆς
448 4253 586 4333 πόλεως.
