3024 5264
636 428 698 492 149

143 594 219 680 Cap.
243 597 295 658 35.
319 598 396 658 extr.
420 593 501 682 ῥᾷον
522 589 552 661 δ’
569 598 601 665 οἱ
622 591 874 685 Λακεδαιμόνιοι
896 594 1069 691 ἠμύναντο
1095 599 1115 694 ἢ
1136 606 1168 674 ἐν
1186 611 1234 694 τῷ

93 706 190 796 πρὶν.
212 709 343 773 Rectius
374 710 498 793 qnidam
528 712 618 777 codd.
642 705 829 800 ήμάνοντο.

147 821 222 910 Gap.
238 829 296 888 39:
317 820 381 886 καὶ
404 811 445 910 ήν
465 827 557 901 σῖτος
576 823 609 892 ἐν
627 828 667 913 τῇ
687 818 775 914 νήσῳ
797 824 850 891 καὶ
872 817 955 892 litto
975 819 1123 916 βρώματ’
1143 831 1233 918 ἐγκα-

97 927 264 1024 τελήφθη.
288 937 449 1002 Fortasse:
469 934 532 1000 καὶ
553 929 626 1025 μήν
646 941 736 1013 σῖτος
757 934 821 1004 nri.

147 1053 221 1139 Cap.
241 1056 281 1116 41
301 1053 318 1136 §
337 1057 372 1116 2:
395 1039 520 1136 ἕλήιζὸν
540 1071 577 1113 τε
595 1042 651 1136 τήν
670 1043 857 1136 Λακωνικήν
875 1047 929 1114 καὶ
949 1050 1052 1122 ulai&
1072 1047 1234 1134 ἔβλαπτον

100 1156 289 1253 [ὁμόφωνοι
308 1155 423 1241 circae}
447 1162 556 1228 Deleri
579 1162 765 1249 interpolata
787 1187 824 1228 ex
846 1164 920 1249 Gap.
952 1170 970 1228 3
1002 1166 1020 1249 p
1053 1170 1089 1248 33
1122 1168 1232 1234 deiude

99 1279 326 1364 rescripserim:
349 1273 427 1342 οἱδὲ
440 1267 694 1360 Λακεδαιμόνιοι
711 1270 886 1350 άπαθεῐς
907 1278 1066 1366 (vulgatur
1078 1278 1232 1362 ἀμαθεῖς)

100 1381 193 1466 ὄντες
214 1390 245 1457 ἐν
267 1393 312 1475 τῷ
333 1388 412 1478 πρὶν
430 1379 536 1474 χρόνῳ
559 1388 708 1476 ipsein&
731 1389 781 1455 Ita
794 1415 821 1456 v.
835 1391 1023 1460 c.Herodot.
1047 1395 1078 1458 V
1098 1419 1163 1483 cap.
1189 1401 1229 1462 ln

103 1503 141 1570 de
152 1504 328 1570 Alexandro
341 1507 493 1587 Amyntae
504 1500 582 1567 filio:
595 1493 653 1565 άτε
670 1493 741 1578 νεός
755 1526 791 1568 τε
809 1499 870 1572 ἐάν
896 1507 960 1572 καὶ
989 1509 1112 1574 κακῶν
1134 1504 1231 1576 άπα-

101 1611 187 1708 θής.
208 1619 285 1684 Mor
308 1621 345 1683 ad
368 1621 386 1703 p
404 1619 441 1683 4:
465 1607 622 1691 πολλάκις
642 1609 831 1705 φοιτώντων
852 1612 1054 1697 auciacensi.
1079 1625 1118 1689 ci.
1135 1627 1230 1691 Arist.
1352 1656 1353 1660 ¹

102 1735 174 1798 Pac.
198 1736 262 1800 638
286 1757 332 1820 sq.
356 1731 431 1819 Cap.
455 1735 498 1798 43
523 1734 541 1818 p
565 1735 585 1798 2
609 1731 678 1820 lego
701 1721 804 1816 πρός
826 1735 896 1820 (pro
918 1727 998 1823 πρά)
1021 1737 1079 1824 τῆς
1102 1746 1230 1827 Χερσο-

100 1869 200 1934 νήσου
221 1847 283 1913 nt.

148 1961 221 2046 Gap.
241 1965 285 2026 45
310 1961 328 2045 p
353 1961 372 2024 2
397 1980 520 2045 repone:
543 1948 706 2044 φρούριον
725 1949 1049 2046 ἐγκαταςήσάμενοι..

148 2077 221 2162 Cap.
244 2077 287 2141 46
311 2081 382 2161 post
402 2072 450 2157 τῷ
475 2064 548 2158 άρει
570 2070 637 2136 dele
668 2072 973 2158 interpretamentum
1004 2073 1061 2158 τῆς
1093 2065 1231 2161 λςολνής,

103 2193 144 2258 cl.
169 2197 275 2278 capt
308 2192 381 2275 §3.
427 2191 547 2255 Nomen
585 2188 699 2252 montis
732 2189 792 2251 iam
828 2195 1025 2253 memoratum
1060 2190 1116 2252 III
1139 2211 1165 2252 c.
1187 2195 1229 2253 85

104 2314 198 2372 ertu:
221 2294 397 2385 ἀναβάντες
418 2299 451 2377 ἐς
472 2297 525 2386 [τὸ
546 2292 641 2390 ὅρος]
662 2292 718 2388 τήν
740 2291 870 2388 λςιάνην.

149 2423 221 2506 Cap.
245 2424 287 2481 48
311 2423 389 2481 extr.
411 2411 550 2501 ἵναπερ
571 2407 609 2477 uri
642 2413 773 2500 πρῶτον
803 2407 960 2501 ὥρμηντο.
995 2416 1079 2503 Lege
1113 2406 1230 2502 οἷπερ

104 2533 168 2602 κτὲ.
192 2533 344 2601 Similiter
367 2531 504 2616 corrigas
528 2552 593 2616 cap.
618 2530 661 2593 74
683 2528 752 2593 init.

149 2651 222 2736 Cap.
249 2650 290 2714 55
320 2645 411 2710 med.:
439 2632 648 2725 πανταχόθεν
667 2641 756 2730 σφᾶς
777 2643 980 2730 περιεςοῖτος
1001 2641 1147 2727 πολέμου
1169 2667 1232 2709 τα-

103 2762 194 2848 χὲος
214 2760 267 2825 καὶ
288 2748 555 2847 άπροφυλάκτου.
578 2758 725 2843 Suspicor
747 2752 926 2841 τραχέος
946 2753 1009 2822 nt.

148 2877 222 2963 Gap.
245 2877 286 2940 57
311 2874 381 2937 fin:
408 2860 569 2937 Τάνταλον
587 2869 624 2935 δὲ
646 2861 739 2957 παρά
767 2861 845 2942 τους
874 2858 994 2942 ἄλλους
1020 2863 1096 2942 τούς
1122 2865 1160 2932 ἐν
1188 2870 1235 2955 τῇ

102 2982 205 3079 νήσῳ
227 2982 505 3069 Λακεδαιμονίους
525 2983 711 3072 καταδῆσαι.
734 2983 990 3070 Exspectaveram
1013 2973 1089 3054 τούς
1108 2976 1146 3044 ἐκ
1164 2979 1233 3064 τῆς

102 3098 219 3192 νήσου
239 3110 301 3181 Λ.,·
324 3105 360 3164 ut
396 3097 528 3163 coniecit
562 3098 745 3178 Lindenius,
781 3100 866 3165 Num
906 3099 986 3163 forte
1025 3095 1118 3160 latet:
1155 3085 1233 3166 τούς

102 3207 284 3304 Ἀθήνησι
305 3211 603 3293 Λακεδαιμονίουςθ

148 3331 220 3415 Cap.
245 3335 284 3392 59
309 3326 366 3391 sub
389 3326 457 3389 lin:
480 3321 521 3389 τά
549 3318 611 3413 γάρ
641 3325 710 3392 ἴδια
742 3319 853 3405 ἔκαςοι
882 3311 917 3389 εὖ
947 3309 1232 3406 βουλευόμενοι

104 3437 144 3531 δή
166 3440 292 3507 θέσθαι
312 3437 375 3504 usi.
399 3442 483 3527 Lege
505 3433 743 3523 βουλόμενοι
766 3462 835 3505 cum
861 3438 950 3504 codd.
975 3439 1074 3503 BCD.

148 3557 221 3643 Cap.
245 3560 284 3620 75
308 3577 401 3642 prope
422 3557 499 3620 init:
523 3547 569 3629 ὠς
597 3543 779 3642 ᾐσθάνοντο
808 3545 864 3640 τήν
893 3540 1143 3640 παρασκευήν
1173 3543 1234 3611 τοῦ

102 3671 236 3758 χωρίου.
257 3671 364 3735 Malim
387 3664 443 3758 τήν
461 3658 668 3757 κατασκευήν.
693 3669 866 3754 Utriusque
888 3664 1041 3760 nominis,
1063 3666 1099 3727 ut
1120 3666 1150 3726 et
1167 3681 1234 3724 ver-

104 3785 210 3849 borum
222 3809 352 3874 παρα-
366 3792 397 3850 et
408 3774 709 3867 κατα-σκευάζειν,
719 3791 865 3874 perpetua
876 3789 923 3848 est
935 3783 968 3847 in
981 3778 1070 3846 codd.
1083 3777 1234 3843 confusio.

149 3901 220 3986 Gap.
244 3906 284 3966 76
309 3902 378 3967 init.
401 3900 566 3965 abiiciatur
589 3906 660 3988 post
682 3897 898 3988 Δημοσθένης
921 3896 1063 3986 putidum
1088 3893 1234 3959 emblema

102 4011 280 4102 Ἀθηναίων
309 4006 474 4104 §pecnnia-
503 4018 581 4082 Post
608 4040 705 4105 pauca
732 4041 795 4083 non
823 4018 922 4093 mirer,
946 4016 972 4080 si
997 4012 1103 4078 verba:
1133 4007 1168 4073 ui
1197 4001 1233 4070 δὲ

104 4126 515 4214 Σίφαι-ἐπιθαλασσίδιοι
527 4134 592 4198 sint
604 4136 727 4222 antiqui
740 4131 1057 4218 alicuiusinterpretis
1065 4124 1221 4194 Scholium

149 4242 221 4327 Cap.
255 4246 294 4306 77
328 4243 378 4308 fin.
410 4245 495 4332 lego:
524 4242 562 4315 τά
595 4244 795 4335 ξυμμαχικὸν
823 4243 862 4316 τό
894 4247 974 4316 ἐκεῖ
1006 4248 1076 4335 (pro
1110 4237 1233 4326 ἐκείνῃ).

103 4357 190 4422 ldem
216 4358 320 4422 vitium
344 4364 454 4446 passim
480 4364 663 4431 tollendum.
