3024 5264
733 446 773 508 76

188 619 236 704 pit
259 617 446 704 Wagnerus.
462 619 547 682 Post
572 617 683 683 multas
706 617 847 683 infelices
872 619 1004 683 virorum
1030 621 1190 685 doctorum
1215 623 1317 708 suspi-

189 736 293 798 ciones
318 735 447 798 fortasse
472 733 560 798 locus
588 731 773 799 concedetur
800 732 874 798 huic
898 756 995 799 meae:

385 844 496 920 τοίους
517 845 614 934 πέριξ
635 839 749 932 έςησεν
771 836 962 933 ἀνθρώποις
982 838 1112 937 φόβους

385 956 546 1039 θείους,
567 957 674 1033 καλῶς
693 982 729 1024 τε
748 959 804 1042 τῷ
824 947 925 1043 λόγῳ
944 947 1121 1043 κατῴκισεν

384 1060 451 1134 τόν
472 1063 625 1152 δαίμον’
650 1063 747 1159 ἄρας
771 1069 982 1158 ἑνπρέποντι
1003 1069 1114 1160 χωρίῳ

187 1185 207 1247 i.
220 1206 258 1248 e.:
269 1191 300 1247 et
315 1187 456 1248 oratione
470 1187 559 1248 deum
571 1187 860 1270 amplificaoafectt
871 1184 1012 1248 habitare
1023 1185 1085 1249 loco
1097 1185 1211 1248 decoro.
1223 1183 1316 1256 Quod

187 1300 386 1386 participium
406 1290 489 1387 ύρας
499 1302 629 1365 fortasse
651 1324 714 1366 non
739 1303 807 1365 sinc
830 1299 1025 1386 malignitate
1040 1299 1172 1384 quadam
1190 1298 1315 1363 deorum

188 1419 360 1479 contemtor
383 1415 499 1479 Critias
518 1438 608 1481 sensn
628 1416 773 1504 ambigna
792 1415 936 1480 adhibere
958 1413 1072 1493 voluit,
1093 1414 1166 1499 qnia
1188 1413 1316 1478 verbum

188 1529 293 1615 αἴρειν
312 1531 374 1595 lere
397 1529 545 1595 sollemne
563 1536 611 1596 est
641 1531 678 1596 de
707 1530 877 1608 machinis,
904 1530 1016 1616 quibus
1039 1531 1071 1594 in
1092 1550 1185 1594 scena
1207 1528 1317 1593 Attica

188 1641 233 1707 dii
264 1643 505 1710 demittebantur
527 1645 652 1712 humum
679 1646 947 1732 evehebantnrque
970 1645 1126 1711 sublimes.
1149 1645 1211 1709 sic.
1234 1666 1261 1708 v.
1290 1665 1316 1708 ο.

187 1757 320 1845 legimus
358 1761 390 1824 in
414 1759 515 1847 lepido
536 1762 707 1849 fragmento
735 1766 952 1828 enormius
974 1784 991 1827 e
1013 1762 1109 1826 Poeai
1130 1782 1176 1845 ap.
1200 1756 1316 1824 Athen.

189 1872 254 1952 VI,
280 1877 297 1938 1
322 1899 350 1961 p.
375 1880 439 1940 228
466 1876 492 1940 b.

386 1980 513 2056 ’Ἔπειθ’
533 1982 609 2056 ὅταν
626 1990 727 2079 μηδὲν
746 1981 875 2057 δύνωντ’
894 1988 998 2056 εἰπεῖν
1020 1983 1069 2055 ἔτι

391 2102 510 2188 κομιδῇ
530 2095 560 2167 δ’
580 2095 790 2190 ἀπειρήκασιν
809 2101 841 2168 ἐν
861 2107 932 2176 τοῖς
953 2092 1129 2190 δράμασιν,

392 2213 575 2300 αἴρουσιν
595 2207 709 2302 ὥσπερ
733 2206 887 2280 δάκτυλον
905 2207 972 2301 τήν
991 2202 1162 2301 μηχανήν

391 2322 533 2399 καὶτοῖς
555 2324 768 2408 θεωμένοισιν
788 2314 1006 2414 ἀποχρώντως
1027 2317 1103 2406 ἔχει.

231 2437 291 2501 sed
318 2438 469 2523 imprimis
492 2437 554 2504 huc
577 2440 654 2504 facit
675 2439 819 2505 Platonis
842 2429 929 2503 locus
952 2438 985 2502 in
1002 2434 1132 2519 Cratylo'
1145 2459 1173 2522 p.
1190 2439 1255 2500 324
1271 2438 1315 2502 D:

188 2547 218 2614 εἰ
236 2541 281 2637 μή
302 2540 367 2637 ύρα
387 2541 518 2631 βούλει,
550 2546 664 2640 ὥσπερ
687 2551 720 2620 οἱ
738 2549 995 2642 τραγῳδοποιοί,
1026 2538 1157 2615 ἐπειδάν
1177 2573 1210 2614 τι
1231 2541 1316 2614 εἷπο-

187 2661 323 2748 ρῶσιν,
353 2658 416 2726 ἐπὶ
438 2656 506 2738 τοὶς
525 2656 698 2750 μηχανύς
717 2655 1007 2752 καταφεύγουσι
1033 2652 1157 2734 θεούς
1184 2659 1315 2746 αἴρον-

185 2794 264 2853 τες,
286 2770 340 2837 καὶ
359 2764 452 2860 ἡμεῖς
472 2766 576 2849 οὕτως
596 2766 742 2849 εἰπόντες
763 2771 1007 2859 ἀπαλλαγῶμεν.
1030 2772 1180 2838 Similiter
1196 2773 1317 2836 ciritle

185 2888 311 2970 εομέειιε
344 2886 424 2974 apud
458 2888 588 2953 Critiam
625 2889 712 2953 deum
748 2912 836 2955 sunm
871 2889 959 2973 quasi
998 2887 1140 2952 machina
1181 2887 1314 2974 quadam

184 3001 337 3068 sublimen
365 3010 502 3069 evectum
525 3005 666 3072 oratione
689 3028 744 3071 sna
777 3004 940 3071 collocavit
970 3005 1003 3068 in
1036 3004 1130 3070 coelo.
1153 3006 1314 3070 Praeterea

186 3139 229 3182 vs.
254 3121 294 3182 38
323 3141 389 3183 meo
416 3119 518 3184 Marte
545 3142 600 3207 pro
623 3109 666 3184 δι’
691 3111 749 3194 ούς
768 3119 871 3194 καλῶς
891 3117 954 3185 κτέ.
983 3119 1053 3184 dedi
1077 3116 1252 3193 θείοοςί
1288 3138 1313 3180 e.

186 3240 316 3297 terrores
340 3235 481 3313 βὶολοοες
512 3257 582 3299 nam
613 3235 695 3320 quod
721 3234 899 3299 Meinekins
929 3235 1105 3321 suspicatur
1135 3221 1178 3297 δι’
1196 3216 1255 3304 οὖς
1276 3232 1310 3296 in

184 3347 243 3412 hac
267 3348 429 3414 verborum
453 3351 673 3416 coniunctione
696 3350 786 3436 plane
808 3349 889 3414 nibil
911 3350 1078 3437 significat.

230 3464 270 3526 In
293 3465 397 3530 eadem
420 3467 533 3531 senarii
556 3466 626 3530 sede
647 3466 847 3552 participium
870 3455 955 3552 σ’ἰρας
982 3463 1124 3530 adhibuit
1146 3460 1314 3547 Euripides

186 3578 301 3645 Electa.
324 3603 368 3646 vs.
392 3585 428 3645 2ε

419 3687 500 3760 ὅθεν
520 3690 594 3760 ποτ’
611 3685 634 3758 d
640 3716 711 3783 ρας
732 3692 823 3760 ναυσὶ
841 3694 957 3778 χιλίοις
971 3684 1064 3782 Ἄρη.

229 3918 326 3997 Dum,
344 3918 393 3984 his
416 3920 553 4005 scriptia,
571 3925 671 3985 totam
683 3922 889 4007 fragmentum
902 3922 1012 3986 iterum
1027 3919 1164 4008 perlego,
1176 3917 1314 4006 graviter

185 4033 306 4097 offendo
327 4035 360 4098 in
386 4057 428 4099 vs.
454 4035 494 4099 16
519 4057 604 4121 sqq.:

386 4144 549 4214 Ἐντεῦθεν
568 4134 625 4215 οὖν
644 4142 683 4215 τό
704 4152 798 4215 θεῖον
817 4140 1010 4238 εἰσηγήσατο

388 4252 434 4334 ὠς
453 4255 521 4326 ἔστι
541 4259 666 4344 δαίμων
687 4251 824 4349 οἷφθίτῳ
846 4252 979 4327 θάλλων
997 4259 1061 4345 βίῳ

388 4360 449 4454 νόῳ
470 4363 499 4435 τ’
517 4361 640 4438 ἀκούων
659 4370 711 4437 καὶ
731 4371 863 4454 βλέπων
883 4368 1060 4462 φρονοῦντ’
1080 4366 1140 4438 olei.
