3024 5264
641 463 680 526 57

139 607 231 697 stobss
244 632 324 697 uror.
347 631 462 708 XCII,
479 634 501 695 4
523 624 599 720 Erip.
620 623 778 699 Πελιάσι·

297 737 402 832 ὁρῶσι
421 736 450 810 δ’
471 741 503 810 οἱ
524 736 668 819 διδόντες
687 743 736 820 εἰς
754 739 795 811 cci
814 735 975 835 χρήματα.

92 858 254 944 Perperam
280 859 537 944 interpretantur:
570 859 625 943 qui
659 861 736 923 δονιο
766 861 891 947 abiquid
917 863 995 926 dant
1026 863 1069 926 od
1093 862 1224 928 divitior

91 981 241 1057 spectant.
266 972 411 1060 Euripidi
438 975 470 1038 in
499 973 620 1039 deliciis
651 978 698 1038 eet
722 973 846 1040 verbum
869 975 1000 1062 simplex
1023 964 1146 1042 διδόναι
1168 997 1224 1063 pro

91 1075 250 1152 ἐκδιδόναι
267 1089 288 1154 i.
311 1111 336 1153 e.
356 1090 475 1154 elocare
487 1091 604 1175 fitium.
624 1088 723 1154 Verte
738 1089 854 1178 igitur:
873 1099 1032 1174 florenter,
1056 1092 1110 1177 qui
1117 1092 1223 1177 fitium

92 1199 222 1279 elocant,
232 1211 373 1288 spectaret
384 1206 428 1269 ad
435 1204 573 1268 diuitiae.
586 1203 634 1269 of.
645 1203 758 1282 locum,
775 1205 829 1290 qui
840 1203 921 1292 apud
934 1204 1099 1271 Stohaeum
1112 1205 1224 1272 huicce

91 1317 271 1398 praecessit,
293 1318 382 1384 cuine
404 1317 536 1383 ultimue
560 1340 665 1384 verens
693 1317 745 1384 hic
773 1327 835 1386 eet:

297 1431 416 1512 μᾶλλον
437 1429 475 1496 δὲ
493 1422 665 1520 κηδεύοοσι
685 1435 755 1508 τοῖς
777 1424 975 1516 εὐδαίμοσιν.

139 1772 224 1839 Stob.
260 1773 341 1840 Flor.
372 1774 480 1854 CXV,
497 1763 543 1843 Ι6.
564 1767 642 1864 Erip.
664 1776 786 1864 Πηλεῖ·

299 1878 338 1953 τό
359 1887 468 1976 γῆρας,
491 1876 518 1952 ci
538 1893 610 1971 παῖ,
632 1890 697 1956 τῶν
717 1890 881 1981 νεωτέρων
901 1893 1029 1981 φρενῶν

300 1990 492 2087 σοφώτερον
512 2000 642 2089 πέφυκε
661 1993 924 2092 κοῖσφαλέςερον,

299 2099 459 2198 ἡμπειρία
480 2105 550 2201 peip
572 2115 630 2199 τῆς
651 2106 805 2203 ἀπειρίας
825 2119 945 2204 κρατεῖ.

141 2222 246 2309 Vulgo
271 2245 314 2287 vs.
338 2226 357 2287 3
382 2223 459 2288 male
482 2224 597 2313 legitur
618 2216 778 2313 ἡμπειρία
797 2249 839 2291 τε
860 2227 916 2316 τῆς
936 2224 999 2292 nai.
1024 2230 1137 2315 Recepi
1161 2220 1222 2314 ycip
1274 2305 1276 2312 Α

96 2360 134 2402 ex
158 2337 304 2402 Meuand.
326 2345 469 2416 monost,
491 2341 565 2424 quia
587 2342 669 2406 ratio
688 2339 747 2405 hoe
771 2362 860 2406 versu
882 2341 1022 2409 redditur
1038 2344 1221 2430 praecedeu-

94 2455 182 2519 tinm.
203 2453 247 2518 Ni
277 2455 403 2533 feceris,
430 2477 474 2520 ve.
506 2459 525 2520 3
558 2456 722 2521 admodum
744 2455 880 2544 frigebit.

586 2714 731 2732 ψ

140 2905 224 2972 Stob.
245 2905 327 2973 Flor.
350 2906 445 2987 CXI,
469 2911 508 2986 4,
531 2898 608 2994 Erip.
629 2904 883 2995 Πρωτεσίλαος·

134 3069 137 3072 -
249 3010 343 3087 πόλλ’
363 3017 495 3096 ἐλπίδες
512 3010 678 3108 perideone
696 3017 737 3086 αἱ
758 3008 896 3105 ίίλομοι
915 3011 1066 3108 βροτούς.

139 3133 190 3196 Ita
223 3132 382 3222 legebatur
415 3136 487 3199 ante
517 3132 732 3210 Dindortium‚
773 3133 826 3218 qui
856 3132 1000 3198 codicum
1029 3139 1109 3200 AM
1127 3133 1223 3199 Vind.

92 3247 259 3313 lectionem
280 3243 335 3311 καί
354 3239 466 3332 ἄλογοι
498 3248 533 3313 in
562 3244 618 3310 καί
637 3235 735 3332 taiyov
758 3246 940 3313 mutandum
970 3268 1036 3313 esre
1064 3248 1225 3314 iudicarit.

95 3361 197 3435 Quam
224 3362 431 3428 coniecturam
454 3361 488 3426 in
515 3366 633 3428 textum
656 3368 838 3449 receperunt
865 3362 1040 3452 Wagnerue
1072 3362 1165 3450 (647)
1192 3369 1225 3430 et

94 3476 376 3565 Nauckins(652).
402 3480 453 3542 An
464 3481 549 3543 recte
563 3477 694 3543 fecerint
716 3477 843 3561 dubito;
866 3483 907 3557 ct,
933 3479 1073 3565 quamvis
1099 3479 1133 3543 in
1155 3477 1225 3544 bre·

95 3593 223 3658 viaeimo
248 3593 438 3680 fragmento,
465 3591 626 3658 deficiente
657 3594 806 3660 orationis
835 3615 934 3674 nean,
967 3593 1092 3659 minime
1126 3594 1224 3659 anaim

95 3707 281 3774 contendere
302 3706 370 3773 falli
393 3707 608 3786 Dindorfinm‚
637 3707 718 3774 malo
738 3713 839 3774 tamen
862 3709 1029 3796 auspicari,
1059 3707 1224 3773 lectionem

95 3819 131 3888 ai
152 3813 263 3906 ἄλογοι
283 3823 586 3910 interpretamentum
616 3845 681 3888 aare
703 3823 849 3891 adiectivi
872 3823 1004 3890 alicuine
1025 3827 1056 3889 et
1077 3822 1223 3909 Euripidi
1285 3885 1289 3890 ,

95 3934 184 4001 reddi
207 3941 362 4024 oportere:

242 4039 337 4117 πόλλ’
356 4047 487 4125 ἐλπίδες
508 4040 685 4138 ψεδδονσιν
705 4049 744 4118 αἱ
763 4049 911 4141 τυφλοὶ
930 4042 1079 4141 βροτούς.

96 4161 144 4226 cf.
168 4185 196 4227 v.
223 4185 249 4228 c.
276 4164 421 4274 Aeschyl.
443 4164 597 4230 Prometh.
625 4186 669 4231 vs.
698 4169 771 4231 250.
