3024 5264
617 442 680 504 143

126 612 183 680 Vs
207 617 290 690 709¹:
321 606 341 702 ἡ
364 605 395 681 d'
415 602 499 679 ode’
518 607 653 702 άληθῶς
674 609 741 695 ἔςιν
762 608 821 701 ἥδε
841 607 882 701 σή
905 607 1024 701 δάμαρ.
1054 615 1215 680 Fortasse:

80 713 141 814 ἆρ’
160 719 214 801 ὠς
235 718 369 815 άληθῶς
390 723 453 791 aad.
563 793 565 796 ,

125 837 183 906 Va.
208 842 292 904 769:
326 834 366 908 οὐ
388 831 450 926 γάρ
472 830 723 926 ἐμπλήσαιμί
744 859 789 903 σε
808 830 934 921 μύθων.
968 839 1096 905 Soloeee
1123 841 1217 905 omit-

81 955 162 1020 titur
184 947 242 1035 dv,
265 976 321 1019 nec
341 953 495 1018 sententia
526 951 612 1018 salva
633 957 689 1018 est.
712 953 876 1038 Suspicor:
899 943 940 1019 ον’
958 947 1021 1044 γάρ
1052 945 1097 1020 de
1122 977 1210 1018 arav-

82 1064 266 1147 σαίμεθα
286 1058 414 1150 μύθων.

128 1179 274 1244 Vsle:
298 1171 400 1244 οὕτω
421 1175 549 1264 σιδηρῷ
557 1171 683 1264 τρωτόν
692 1168 750 1243 οὐκ
760 1170 829 1261 ἔχει
839 1175 956 1263 δίμας;
976 1178 1030 1244 sie
1042 1177 1218 1262 quaerendo

82 1295 245 1381 respondet
267 1290 427 1359 Menelaus
439 1289 490 1356 his
503 1290 640 1356 Helenae
652 1290 769 1356 verbis:
792 1281 849 1356 οάκ
863 1282 1038 1367 άνκτάνοις
1047 1289 1217 1379 τύραννον,

82 1397 278 1481 dunstane
298 1407 388 1480 ἴσως.
410 1406 472 1470 Pro
495 1398 580 1472 edam
606 1402 745 1472 Cobetus
773 1407 896 1492 reponit
925 1395 1021 1482 οὗτος
1052 1403 1114 1467 1εηὶ
1145 1427 1218 1470 sane

83 1520 254 1598 medicina,
275 1543 335 1605 qna
348 1520 507 1598 adhibite,
533 1527 685 1607 praeterea
706 1521 810 1586 malim
837 1544 900 1586 uno
917 1516 1066 1586 vocabulo
1085 1519 1217 1584 seribere

82 1628 395 1722 σιδηρότρωτον.
1203 1637 1206 1645 ’

127 1747 183 1812 Vs.
206 1752 286 1813 825:
310 1745 438 1820 εῖπως
459 1738 498 1811 dv
517 1735 751 1828 ἀναπείσαιμεν
770 1735 947 1812 ἱκετεύοντέ
968 1767 1023 1809 νιν.
1056 1744 1218 1810 Fortasse:

82 1861 180 1937 ἴσως
199 1852 237 1925 dv
256 1859 336 1940 κτὲ.,
362 1882 430 1924 nem
457 1882 554 1946 neque
576 1861 725 1926 formulae
755 1859 789 1926 εί
813 1882 886 1934 πως
914 1861 947 1924 in
978 1859 1035 1925 hae
1065 1862 1219 1926 sententia

82 1973 178 2064 loeus⁶
196 1981 263 2051 eat,
287 1996 385 2060 neque
405 1997 439 2039 es
462 1977 521 2041 fert
543 1975 728 2062 perticulam
751 1966 790 2040 άν
808 1976 868 2041 sibi
891 1974 1115 2041 adhaerentem.

128 2088 183 2152 Vs.
201 2093 286 2154 03οε
308 2083 365 2177 τήν
384 2081 413 2156 δ’
433 2082 546 2155 ἐνθάδ’
564 2081 729 2156 ἕκίιποῦο’
747 2082 898 2177 άλιμείαν
917 2081 1036 2176 πικράν

309 2193 432 2266 άντων
454 2200 610 2279 ἐνοίκοις
630 2192 802 2290 χρημάτων
821 2192 986 2290 ὀνήσομαι.

82 2313 284 2380 Scribendnm
303 2316 440 2380 videtur:
465 2304 513 2382 αὖ
534 2317 608 2380 τῶν
629 2313 662 2380 ἐν
684 2319 787 2390 οἴκοις
807 2314 870 2380 aad.

128 2428 184 2494 Vs·
207 2432 291 2496 1005
305 2432 388 2518 Lege
406 2437 437 2495 et
458 2431 636 2516 distingue:
654 2420 739 2515 Ἦρρ
755 2419 793 2508 δ’,
817 2424 957 2516 ἐπείπερ
977 2422 1040 2494 aad.
1063 2447 1119 2512 pro
1133 2415 1219 2513 Ἥρα
1316 2424 1331 2493 i
1355 2419 1405 2493 ω’

83 2533 115 2605 d'
136 2541 283 2630 ἐπείπερ.

129 2658 184 2720 Vs.
209 2656 312 2721 1100:
333 2649 475 2738 aurivomos
496 2643 703 2742 παρασχοῦσ’
725 2644 765 2718 οὐ
783 2644 822 2719 τά
844 2646 933 2734 σῶμ’
961 2648 998 2716 ἓν
1023 2638 1217 2738 βαρβάροις.

82 2775 117 2840 Si
140 2793 244 2838 versus
271 2774 425 2859 genuinus
449 2776 512 2845 est,
541 2768 716 2854 scripserim
739 2759 778 2833 τά
801 2763 911 2847 σῶμα
930 2753 1134 2851 βαρβάροις,
1164 2762 1217 2826 sed

82 2893 259 2975 suspectum
280 2910 349 2953 eum
377 2888 472 2953 habeo
495 2909 561 2951 eum
586 2883 742 2950 Neuckio.

129 3003 186 3069 Vs.
209 3007 314 3068 1319:
337 2999 514 3089 Δρομαίων
533 2994 564 3064 d’
584 2992 641 3064 ὅτε
657 2983 934 3080 πολοπλανὴτων

332 3106 439 3203 μάτηρ
461 3107 586 3178 ἔπαυσε
605 3101 714 3176 πόνων
733 3104 796 3172 aad.

83 3229 237 3296 Conieei:
261 3231 439 3317 δρομαῖον
458 3219 488 3291 d'
507 3217 563 3291 ὅτε
583 3220 686 3291 πόδα
705 3217 875 3307 πλανητῶν
894 3212 957 3286 aet.
981 3214 1046 3280 vel:
1064 3214 1220 3303 δρομαῖον

80 3335 175 3411 πόδ’
194 3337 250 3410 ὅτε
269 3331 545 3424 πολυπλάγκταν
563 3333 627 3402 κτέ.

129 3457 189 3522 Vs.
213 3460 316 3522 1548:
341 3487 382 3500 -
404 3449 560 3535 Μενέλεῳ
586 3444 837 3528 ποντίσματα
857 3440 1025 3531 φέροντες,
1051 3428 1220 3519 Πόντισμα

81 3573 179 3639 nihili
203 3571 385 3636 vocabulum
408 3590 474 3633 esse
506 3565 678 3631 rectissime
708 3560 830 3626 indicat
863 3555 1036 3622 Nauekius.
1074 3551 1159 3624 Quid
1193 3550 1219 3614 si

81 3695 176 3776 poete
199 3687 333 3751 dederit:
360 3680 515 3764 Μενέλεῳ
535 3675 781 3763 κτερίσματα
802 3668 979 3759 φέροντεςῖ
995 3669 1042 3733 cf.
1054 3690 1098 3733 vs.
1117 3668 1219 3732 1391:

293 3789 420 3885 χωρεῖτ’
440 3792 575 3882 ἐφεξῆς,
597 3781 643 3862 τίς
665 3781 777 3865 ἔταξεν
798 3773 818 3849 ὁ
837 3781 945 3862 ξένος,

293 3912 417 3992 δμῶες,
440 3904 631 3994 φέροντες
651 3890 760 3965 ἐνάλια
779 3893 1039 3983 κτερίσματα.

580 4156 730 4172 ῤ--ι-π

129 4381 227 4443 Iosrs
244 4400 286 4440 vs.
300 4380 357 4440 50:
379 4367 435 4441 σάκ
456 4364 524 4442 eide
549 4371 681 4449 Φοῖβον,
705 4355 782 4430 οὐδὲ
801 4354 914 4449 μητέρ’
933 4351 971 4447 ἧς
994 4354 1068 4446 ἐρα.
1091 4350 1223 4443 [ὀπαῖς
