3024 5264
842 471 904 534 172

298 636 340 705 δι’
360 636 483 704 ἑαυτῶν
503 629 588 722 εἶχον
607 633 689 722 pand
708 631 827 706 τούτου
847 637 886 709 τὸ
908 635 1139 733 βουλευτήριον
1160 646 1211 710 καὶ
1233 637 1356 713 τούτων
1371 651 1434 713 τῶν

297 751 402 816 κακῶν
423 749 506 816 εἰσὶν
526 752 635 817 αἴτιοι.
659 752 780 818 Collata
793 757 811 840 b
824 758 884 836 40,
902 757 992 823 facile
1006 758 1214 845 deprehendas
1231 760 1264 824 in
1283 766 1432 829 ΟΙΠΕΡ-

297 868 417 931 EIECI
433 864 661 931 delitescentem
679 891 778 933 veram
799 872 982 958 scripturam
1002 877 1224 957 emmor,-
1246 875 1351 959 itaque
1369 875 1432 939 De·

295 979 448 1044 mostheui
465 981 651 1049 reddendum
673 992 735 1050 est:
758 983 814 1050 καί
832 1009 916 1063 τινες
938 980 1047 1066 ἄλλοι,
1069 979 1108 1050 o‘i
1128 984 1274 1074 πέρυσι
1295 979 1337 1053 ‹u’
1357 986 1432 1053 ἐαυ-

294 1093 358 1156 τῶν
378 1087 463 1175 εἶχον
481 1088 565 1175 μετα
585 1092 703 1164 τούτου
724 1092 761 1164 cd
790 1090 1030 1188 βουλευτήριον.
1060 1101 1153 1166 Certo
1188 1102 1268 1165 enim
1293 1101 1431 1189 exemplo

296 1209 398 1272 doceri
422 1208 529 1287 velim,
562 1211 595 1275 id
619 1213 701 1298 quod
722 1219 846 1278 anctore
876 1216 1079 1301 grammatico
1113 1218 1145 1279 in
1177 1217 1295 1281 Anecd.
1330 1217 1432 1282 Bekk.

295 1344 324 1408 p.
339 1325 400 1387 188
419 1322 613 1408 perhibetur,
637 1322 704 1390 ἐκεῖ
726 1329 805 1414 apud
826 1330 1007 1415 scriptorem
1024 1330 1117 1417 probe
1128 1333 1271 1397 Atticum
1291 1331 1429 1397 adhiberi

294 1460 384 1524 posse
406 1460 460 1523 pro
480 1430 564 1505 τότε.

339 1556 355 1638 §
378 1555 440 1618 51:
463 1551 516 1616 uui
536 1552 652 1639 μηδεὶς
669 1544 927 1637 ὕπολαμβανέτον
948 1577 991 1636 με
1009 1554 1111 1640 λέγειν
1133 1549 1179 1631 ῶς
1199 1555 1238 1622 ud
1265 1559 1344 1647 χρῆν
1364 1556 1429 1624 εἰσ-

295 1656 449 1754 πράττειν
468 1657 545 1739 τοσς
565 1657 768 1753 ὀφείλοντας.
791 1665 884 1754 Χρῆν
906 1659 978 1752 γὰρ.
1002 1658 1084 1732 ἄλλα
1106 1668 1199 1752 πῶς,·
1228 1661 1273 1744 ῶς
1295 1662 1313 1736 ὁ
1334 1661 1432 1752 νόμος

294 1768 432 1857 κελεύει,
463 1778 537 1842 τῶν
564 1767 691 1841 ἄλλων
720 1777 851 1844 ἕνεκα·
881 1779 978 1844 τοῦτο
1009 1770 1070 1866 γάρ
1102 1777 1152 1858 ε’ςο
1183 1777 1363 1868 δημοτικόν.
1395 1785 1428 1850 Si

295 1889 434 1956 cumbis
456 1891 625 1956 contuleris
648 1895 662 1977 5
686 1893 727 1956 50
753 1891 835 1957 init:
869 1884 925 1958 εἶτ’
947 1885 1029 1973 ἔχων
1047 1880 1185 1967 τούτους
1206 1886 1297 1974 (τούς
1319 1895 1431 1964 ἕνδεκα

295 2007 376 2093 scil.)
400 1995 473 2091 ἦγεν
495 2001 550 2069 ε’πὶ
563 1997 622 2079 τοὶς
641 2005 706 2069 τῶν
725 2004 869 2070 πολιτῶν
892 2001 995 2079 οἰκίας
1013 2010 1044 2070 et
1060 2008 1074 2090 b
1092 2006 1137 2103 §2
1155 2013 1251 2072 extu:
1269 2008 1325 2094 τῆν
1344 2005 1431 2074 ἰδίαν

295 2117 398 2186 οἰκίαν
417 2109 519 2201 indeq)
542 2109 763 2205 δεσμωτήριον
782 2115 924 2204 καθίςη,
955 2110 1034 2191 τούς
1056 2116 1166 2184 ἕνδεκα
1187 2114 1273 2206 ἄγων
1295 2121 1350 2189 ἐπὶ
1370 2119 1430 2196 τοὶς

201 2310 204 2314 ,
295 2229 415 2313 οἰκίας,
446 2233 576 2296 fortusse
599 2231 674 2295 mihi
700 2232 877 2297 assentieris
902 2232 1095 2317 suspicanti:
1127 2227 1172 2308 ῶς
1203 2231 1220 2298 ὁ
1251 2224 1350 2317 νόμος
1376 2256 1427 2298 κε-

295 2334 398 2424 λεύει,
431 2337 522 2410 ἄνευ
545 2344 785 2410 cantarana.
822 2346 904 2410 Vide
934 2353 1037 2411 tamen
1072 2348 1248 2413 Dobraeum
1281 2349 1314 2412 in
1347 2347 1428 2412 Adv.

294 2483 322 2545 p.
338 2460 414 2536 469,
439 2461 493 2543 qui
506 2481 545 2523 ex
569 2461 824 2544 interpretatione
847 2461 998 2548 Ulpiani:
1022 2451 1186 2527 oidovcicwa
1208 2461 1261 2526 καὶ
1281 2453 1428 2544 πενήτων

293 2574 372 2638 male
402 2575 586 2640 concludere
616 2575 692 2640 mihi
717 2577 840 2642 videtur
860 2601 928 2642 eum
949 2577 1064 2665 legisse
1086 2575 1150 2639 τῶν
1174 2574 1311 2639 πολλῶν.
1343 2573 1426 2638 Utut

293 2697 351 2768 est,
372 2713 405 2755 ea
421 2689 516 2755 lectio
533 2690 614 2754 nihil
637 2691 782 2779 vulgatae
804 2698 981 2778 praestaret.
1012 2694 1082 2757 Imo
1106 2691 1195 2778 plane
1221 2689 1373 2754 insulsum
1396 2694 1427 2753 et

293 2828 516 2892 supervacuum
547 2813 594 2872 est
624 2807 726 2872 dicere
750 2810 903 2893 populare
936 2810 973 2874 id
1004 2831 1090 2884 esce,
1126 2807 1206 2893 quod
1226 2805 1426 2888 plurimorum

289 2925 387 3005 prurio
406 2925 479 3008 fiat.

338 3038 420 3120 §52
444 3059 514 3101 cum
538 3061 563 3102 s.
583 3039 789 3103 omittendum
813 3039 936 3105 videtur
959 3028 1095 3104 πῶποτε
1118 3041 1186 3116 post
1210 3023 1302 3099 πότε.

337 3153 434 3235 §682
459 3148 489 3215 εἰ
510 3144 572 3239 γαρ
594 3143 782 3239 ἀνθρώπων
803 3144 951 3227 πόλις-
964 3141 1152 3236 ὡμολογεῖτ’
1172 3139 1269 3225 εἶναι,
1298 3141 1362 3210 οὐκ
1382 3135 1427 3209 da

291 3253 482 3352 ῶῶνδρες
509 3255 676 3352 Ἀθηναῖοι
700 3259 759 3339 τοῖς
785 3257 900 3352 ὕβρεις
924 3257 1105 3353 ἠνέσχεσθε
1126 3254 1185 3333 τοὶς
1207 3251 1335 3324 τούτου.
1365 3260 1426 3323 Le-

289 3378 438 3465 geudum:
460 3369 541 3444 odd'
562 3369 585 3440 dl
591 3402 606 3440 ν
626 3369 691 3457 ῶς,
715 3366 860 3463 ῶνὸρες
879 3369 1060 3463 Ἀθηναῖοι,
1086 3374 1149 3440 xci.
1162 3383 1193 3440 el
1206 3399 1276 3440 mox
1288 3366 1427 3447 δούλους

290 3485 348 3557 urin
370 3483 496 3559 δούλων
512 3482 714 3565 οἷποκαλῶν,
740 3490 846 3555 addita
868 3492 1096 3577 praepositione
1124 3481 1203 3555 dud.

334 3831 455 3896 Addam
480 3853 592 3918 paneas
615 3830 825 3896 miscellaneae
854 3833 1085 3897 observationes
1112 3833 1145 3895 in
1172 3829 1425 3907 Demosthenem,

289 3947 390 4011 sicubi
425 3946 499 4031 quid
534 3954 704 4011 memoratu
733 3946 863 4035 dignum
894 3950 927 4012 iu
959 3939 1097 4038 margine
1130 3945 1297 4023 editionis,
1331 3967 1424 4031 quam

289 4062 430 4127 manibus
466 4068 550 4140 tero,
585 4063 797 4128 Behkerianae
828 4064 910 4128 inter
940 4062 1103 4150 legendnm
1132 4083 1220 4126 arne
1242 4061 1423 4125 adnotatum

289 4178 420 4266 reperio,
443 4178 525 4261 quod
551 4179 687 4243 virorum
713 4180 873 4245 doctorum
909 4179 1010 4244 adhuc
1047 4178 1241 4265 diligentiam
1279 4177 1425 4262 effugisse

292 4293 443 4358 videatur.

338 4411 458 4493 Olpai.
481 4407 497 4472 I
523 4411 539 4492 d
565 4412 622 4474 20:
646 4406 697 4471 καὶ
721 4406 812 4490 μίαν
838 4401 984 4488 σύνταξιν
1016 4399 1093 4472 εἶναι
1126 4402 1196 4492 [τήν
1222 4395 1331 4490 αὐτὴν]
1367 4410 1425 4469 τοῦ
