3024 5264
746 457 788 530 ιε

247 621 381 710 Lycurg.
405 645 431 687 c.
454 623 562 688 Leocr.
585 647 613 711 p.
637 627 720 691 100:
743 619 833 706 άξιον
857 617 937 694 ‹l'nl
965 622 1080 718 ἄνδρες
1104 631 1251 698 δικασταί
1278 632 1332 699 καὶ

201 736 264 800 τῶν
282 733 439 820 ἰαμβείων
454 729 607 819 α’νιοῠσαι,
633 729 655 804 ά
673 738 834 828 πεποίηκε
851 734 953 829 (Εάρ.)
972 740 1127 828 λέγουσαν
1142 737 1198 831 τήν
1206 743 1332 833 μητέρα

201 845 260 935 τῆς
277 837 412 924 παιδός·
432 839 566 936 ὄψεσθε
579 841 641 939 γάρ
666 848 698 916 ἐν
721 843 832 927 αὐτοῖς
849 851 1095 942 μεγαλοψυχίαν
1120 854 1174 921 καί
1193 847 1332 941 γενναιό-

200 981 281 1045 τιγτα
302 954 394 1040 άξίαν
415 959 469 1026 καί
497 959 555 1048 τῆς
573 949 702 1036 πόλεως
723 960 857 1030 καὶτοῦ
878 963 1032 1050 γενέσθαι
1056 969 1210 1056 Κηφισοῦ
1226 971 1325 1054 «loyc-

199 1065 299 1158 τέρα·

408 1190 475 1273 Τάς
495 1188 629 1288 χάριτας
647 1192 718 1279 ὅςις
733 1193 868 1287 ειίγενοί
872 1224 890 1278 ς
903 1203 1091 1294 χαρίζεται,

402 1304 494 1396 ἣδιον
511 1308 544 1377 ἐν
559 1314 744 1399 βροτοῖσιν·
763 1307 799 1381 οἳ
818 1316 856 1381 δε
870 1316 975 1404 δρῶσι
987 1313 1063 1400 μὲν,

403 1413 508 1511 χρόνῳ
530 1421 568 1487 δὲ
585 1424 704 1513 δρῶσι,
726 1425 856 1514 [δρῶσι]
880 1425 1116 1517 δυσγενέςερον.

242 1534 360 1621 Scripsi
383 1558 427 1600 vs.
449 1539 470 1603 3
494 1558 530 1604 ex
554 1538 715 1626 ingenioso
737 1544 768 1605 et
787 1540 872 1606 facili
896 1542 1108 1608 emendatione
1133 1541 1328 1626 Heinrichii‚

197 1669 455 1734 praequaomneo
467 1651 652 1738 reliquorum
666 1656 872 1721 correctiones
892 1658 1025 1722 sordent.
1045 1657 1139 1722 Poeta
1148 1657 1197 1723 his
1209 1658 1326 1724 verbis:

197 1754 232 1827 οἳ
259 1759 563 1856 δὲ-ιλυσγενέςερον
586 1769 737 1857 explicat,
776 1771 851 1858 quid
882 1773 924 1838 sit
959 1763 1095 1857 εὐγενῶς
1128 1771 1328 1860 χαρίζεσθαι

195 1866 330 1963 χάριτας
340 1897 383 1943 vs.
405 1882 440 1958 1;
462 1903 584 1970 nempe:
605 1906 668 1950 non
691 1878 795 1974 χρόνῳ
815 1885 912 1951 τοῦτο
932 1886 1025 1974 δρᾶν,
1045 1884 1098 1950 sed
1119 1875 1258 1961 εὐθέως.

240 1988 295 2061 Vn.
319 1994 379 2058 19:
401 1994 496 2083 είιτερ
513 1989 575 2083 γάρ
595 1988 757 2086 άριθμόν
782 1989 870 2065 οἶδα
891 1995 945 2063 καί
964 1989 1180 2072 τούλάσσονος

401 2098 440 2172 τά
459 2105 588 2190 μεῖζον,
609 2099 709 2190 οάμὸς
731 2100 818 2186 οἶκος
841 2106 880 2175 ον’
894 2109 1008 2176 πλεῖον
1028 2107 1141 2176 σθένει

399 2215 542 2294 πταίσας
561 2208 691 2308 άιτάσης
710 2216 847 2304 πόλεος,
866 2212 935 2288 οὐδ’
950 2223 1021 2287 ἰ’σον
1037 2217 1144 2309 φέρει.

238 2333 325 2398 Scire
336 2331 490 2419 pervelim,
503 2331 578 2417 quid
594 2333 636 2398 sit
647 2330 767 2400 εἰδέναι
779 2323 994 2408 τούλάσσονος
1011 2326 1050 2399 τά
1066 2330 1187 2417 μεῖζον.
1208 2332 1326 2396 Contra

193 2449 308 2536 optime
330 2447 539 2536 intelligetur:
560 2443 713 2512 διειδέναι
734 2442 805 2526 κτὲ,
829 2467 921 2532 quare
945 2447 1032 2525 vide,
1059 2469 1097 2511 au
1114 2453 1203 2534 poeto
1226 2448 1324 2534 scrip-

193 2565 285 2630 serit:
333 2558 337 2566 ’

346 2692 377 2761 εἰ
391 2688 453 2784 γάρ
471 2684 633 2783 άριθμοά
639 2715 657 2769 ς
677 2693 698 2758 ὃ
703 2690 716 2758 ί
721 2693 781 2759 οιιλ
787 2717 809 2758 α
826 2690 880 2758 καὶ
897 2682 1114 2768 τούλάσσονος

344 2799 383 2871 τό
401 2803 513 2889 μεῖζον
531 2805 594 2871 ιιτὲ.

233 2916 393 2986 Διειδίναι
412 2919 647 3006 significationi
659 2927 901 2985 accuratenouue
920 2911 1079 3007 (άιιριβοίς
1090 2914 1231 3005 εἰδέναι),
1254 2923 1320 2982 tum

192 3036 516 3118 ιίίγοοιοειιιιιιιιιιιοό
536 3037 648 3113 altero,
671 3057 769 3120 neque
785 3036 883 3123 igitur
902 3033 963 3098 alio
986 3032 1077 3098 verbo
1097 3054 1192 3117 aeque
1210 3033 1321 3098 idoneo

191 3154 280 3236 poeta
300 3150 345 3216 uti
369 3156 520 3236 potuerat.

235 3263 289 3330 Vs.
303 3267 436 3351 30‚sq.:
458 3263 546 3345 μισοῖ
566 3265 731 3350 γυναῖκας,
753 3259 870 3338 αἵτινες
887 3253 956 3348 πρά
972 3260 1031 3326 τοῦ
1047 3259 1146 3326 καλοῦ

457 3375 515 3464 ζῆν
531 3375 653 3450 παῖδας
674 3372 797 3440 είλοντο
819 3371 873 3438 καί
892 3363 1078 3461 παρῄνεσαν
1097 3364 1187 3438 κακά.

233 3491 398 3557 Nauckius
423 3495 548 3556 auctore
570 3486 741 3553 Matthiaco
756 3488 894 3573 reposuit
907 3479 1020 3552 εἵλοντ’
1037 3476 1071 3574 ἧς
1095 3509 1263 3573 perperam,
1286 3488 1318 3551 ni

189 3605 298 3686 fullon
319 3629 391 3670 nam
407 3606 576 3684 sententia,
595 3606 628 3669 in
652 3626 712 3688 qua
734 3599 787 3666 καί
811 3603 1088 3668 commodissimum
1102 3609 1165 3680 cst,
1186 3605 1236 3667 vix
1260 3603 1320 3666 fort

189 3721 328 3809 copulam
354 3721 591 3797 disiunctivam‚
631 3741 708 3805 quae
728 3741 781 3805 per
805 3719 890 3783 illam
914 3719 1120 3782 coniecturam
1152 3717 1239 3781 illata
1262 3725 1318 3782 est.

189 3836 246 3900 Vel
260 3837 363 3901 minus
385 3836 485 3922 placet
508 3835 585 3900 milri
609 3833 780 3899 Hermanni
805 3836 964 3913 correctio,
988 3829 1108 3899 ἐάσαθ’
1129 3825 1165 3896 άί
1181 3833 1319 3896 scriben-

188 3953 262 4016 dum
284 3974 348 4016 esse
371 3952 589 4028 coniicientis,
612 3973 689 4036 quoe
712 3954 832 4036 recepta
854 3954 901 4013 est
924 3972 941 4012 a
979 3949 1132 4035 Wagnero
1160 3949 1211 4033 (fr.
1228 3950 1317 4030 353).

186 4068 337 4153 Equidem
358 4067 547 4155 scripserim:
634 4081 639 4103 ¹

392 4178 447 4267 ζῆν
462 4175 556 4245 τέκν’
576 4176 698 4243 εἵλοντο
718 4176 769 4242 καί
792 4168 976 4264 παρῄνεσαν
995 4168 1084 4242 κακά.

185 4295 252 4372 vel,
275 4294 432 4380 quodfere
455 4292 579 4369 malim,
597 4299 715 4357 resecto
740 4291 888 4356 vocabulo
913 4289 976 4380 ζῆν,
998 4291 1080 4374 quod
1104 4289 1193 4353 facilc
1216 4312 1232 4352 a
1253 4287 1315 4351 leo-

183 4416 250 4475 torc
272 4407 493 4496 interpretandi
516 4408 617 4494 gratia
641 4408 712 4472 addi
728 4406 887 4496 potuerit,
910 4407 954 4471 sic
967 4430 982 4469 ι.
1260 4399 1262 4403 ’
