3024 5264
734 468 774 528 56

340 645 383 701 A.
406 629 447 700 ori
466 626 497 700 δ’
517 625 575 701 ὧδ’
594 629 715 724 ἔρημος
735 626 909 721 ξυμμάχων
930 627 1112 706 ἀπόλλυσαι
1118 664 1130 723 ,·

344 753 378 812 Β.
400 745 433 811 οἱ
451 744 508 827 μέν
529 739 591 833 γὰρ
615 737 716 812 οὐκέτ’
736 743 833 830 εἰσίν,
855 745 889 814 οἱ
908 744 937 814 d'
956 738 1046 825 ὄντος
1068 748 1170 817 nasot.

185 881 315 946 quorum
339 881 482 925 versuum
505 860 636 946 priorem
659 860 804 926 Diomedi
824 861 954 926 alterum
979 863 1084 929 Oeneo
1099 868 1184 930 recte
1198 865 1316 932 tribue·

185 981 261 1041 runt
286 976 346 1040 viri
369 974 463 1040 docti.
486 973 624 1040 Eandem
649 976 798 1041 rationem
822 975 962 1043 obtinere
983 977 1168 1044 crediderim
1190 981 1224 1045 in
1249 1003 1317 1046 ver·

185 1091 271 1156 sibus
294 1111 385 1176 supra
407 1088 520 1154 allatis.
537 1088 803 1163 Quemadmodum
829 1113 900 1157 vero
923 1113 1060 1158 versum:
1082 1090 1115 1158 οἱ
1134 1091 1193 1175 μέν
1212 1086 1316 1182 peip—-

184 1200 276 1269 κοοιοὶ
297 1204 329 1267 in
352 1225 439 1269 suam
460 1225 523 1270 rem
547 1205 699 1271 convertit
728 1205 952 1293 Aristophanes
976 1207 1054 1272 Itan.
1086 1207 1145 1282 72,
1178 1206 1224 1271 ita
1250 1206 1317 1272 fieri

186 1321 304 1402 potest,
332 1322 367 1383 nt
389 1340 524 1385 versum:
547 1315 683 1407 κέρδους
704 1308 734 1384 d'
756 1315 977 1387 ἕκατι-νοσεῖ
996 1321 1143 1408 respiciat
1164 1321 1236 1387 Pac.
1256 1345 1317 1401 vs,

185 1430 241 1497 uhi
262 1432 303 1497 de
324 1432 484 1499 Simonide
508 1432 604 1499 dicit:

598 1537 649 1611 ὅτι
669 1541 772 1634 γέρων
794 1537 839 1611 div
859 1546 911 1612 nort
932 1541 1062 1637 σαπρὸς

392 1655 558 1746 κέρδους
580 1654 686 1723 esau
706 1648 763 1722 xiie
784 1653 839 1723 ἐπὶ
861 1651 959 1747 pende
978 1657 1083 1727 πλέοι.

187 1768 297 1847 simol,
324 1774 360 1835 ut
386 1777 563 1836 auctorest
586 1769 778 1851 Scholiasta,
808 1772 912 1839 iocose
945 1773 1106 1839 immutato
1140 1771 1315 1859 proverbio:

190 1883 274 1951 θεοῦ
290 1875 516 1958 θέλουιοςκέυ
537 1881 593 1949 ἐπὶ
616 1876 715 1971 ῥιπός
736 1882 859 1960 πλέοις.

234 2343 319 2409 Stob.
343 2343 424 2410 Flos.
446 2343 649 2421 xxxvto,
676 2344 717 2411 15
748 2367 774 2409 c.
794 2341 972 2432 Πειρίθου·

364 2447 488 2544 τρόπος
508 2453 589 2522 ἐστὶ
608 2449 728 2546 χρηςὸς
749 2447 995 2547 ἀσφαλέστερος
1014 2448 1124 2540 νόμου.

234 2572 272 2634 In
306 2571 424 2634 senario
453 2571 573 2658 tragico
596 2575 777 2657 anapaestus
810 2571 845 2636 in
868 2569 938 2635 sede
960 2572 1059 2658 prima
1082 2593 1145 2637 uno
1168 2570 1318 2637 vocabulo

191 2685 344 2751 contineri
368 2685 474 2763 debet,
497 2707 558 2772 qna
580 2693 704 2774 propter
726 2686 897 2753 tentabam:

547 2791 673 2887 τρόπος
694 2799 736 2866 δέ
756 2791 878 2888 χρηςὸς
896 2796 960 2865 aad.

189 2934 279 2998 quam
296 2912 392 2999 ipsam
413 2913 598 3001 scripturam
617 2914 652 2979 in
676 2914 784 2980 codiee
805 2914 911 2978 Trinc.
933 2917 1052 2978 exstare
1073 2934 1218 2979 nuncme
1230 2912 1319 2977 docet

189 3027 369 3106 Nauckins‚
395 3029 449 3113 qui
472 3028 565 3094 hnins
589 3028 733 3095 lectionis
751 3029 969 3116 praestantiam
992 3029 1139 3116 ignorans
1158 3027 1319 3116 vulgatum

189 3165 321 3209 errorem
344 3143 497 3209 intactum
520 3144 655 3230 reliquit.
676 3144 767 3209 Nihil
788 3148 888 3208 antem
913 3143 1105 3227 frequentius
1135 3164 1226 3228 qnam
1250 3163 1320 3229 par·

189 3259 305 3326 ticulae
326 3253 363 3324 δέ
375 3263 406 3324 et
418 3258 501 3325 verbi
518 3255 584 3341 έςέι
601 3261 634 3325 in
652 3259 741 3326 codd.
757 3258 951 3346 permutatio.
968 3257 1015 3322 Oi.
1031 3258 1188 3338 Bastinm‚
1201 3258 1319 3323 Oomm.

192 3374 350 3461 Palaeogr.
373 3374 435 3439 tab.
459 3374 510 3440 VI
531 3396 615 3440 num.
638 3377 667 3440 3.

235 3489 395 3554 Praeterea
412 3489 475 3554 fere
498 3488 601 3554 malim
625 3477 866 3575 ἆσφοιλέςερον,
891 3486 1094 3571 similiterque
1116 3486 1150 3550 in
1172 3486 1281 3573 fragm.
1303 3507 1320 3550 e

190 3603 378 3688 Melanippo
408 3627 454 3691 ap.
477 3604 563 3669 Stob.
587 3603 696 3679 LXX,
719 3603 741 3666 4
764 3625 790 3666 o.
813 3625 857 3668 vs.
882 3608 901 3668 5
926 3624 970 3688 sq.
993 3601 1168 3686 scripserim
1178 3624 1194 3699 :-

346 3716 488 3792 πλοῦτος
509 3710 538 3783 δ’
558 3708 696 3791 ἔπακτος
717 3713 751 3781 ἐκ
770 3713 955 3802 γυναικείων
974 3703 1084 3801 γάμων

346 3819 514 3916 ἀνόνητον·

191 3940 244 4007 ubi
266 3940 412 4029 volgatur
431 3931 589 4030 οἷυόυηιος.
613 3940 719 4005 Genus
741 3945 900 4014 neutrum,
923 3937 1006 4023 qnod
1029 3937 1140 4003 Graeci
1160 3937 1193 4000 in
1205 3935 1320 4001 telibu

193 4055 335 4121 adhibere
366 4054 485 4134 solent,
522 4053 629 4120 sedulo
664 4076 681 4119 a
716 4053 851 4120 librariis
882 4053 994 4119 vitium
1031 4049 1263 4136 suspicantibus
1285 4050 1319 4115 in

191 4171 394 4237 masculinum
418 4175 568 4237 mutatam
592 4191 672 4249 esse,
696 4169 873 4255 saepissime
895 4171 996 4254 potest
1022 4165 1185 4232 observari.
