3024 5264
805 432 867 495 120

320 594 376 663 Vs.
402 599 489 664 269:
512 596 596 683 λε’γει
616 621 666 674 τις
687 595 751 682 εἷς,
774 596 816 677 ὃς
834 596 957 680 πάντας
976 605 1010 681 ἐς
1030 605 1131 674 πέδον
1150 602 1230 695 κάρα

512 712 620 777 νεῦσαι
639 705 738 800 φόβῳ
760 705 980 804 προῦτρεψεν,

277 820 407 887 Malim:
428 817 456 889 δ’
469 815 593 898 πάντας
612 821 675 890 nt.

320 936 370 1002 Vs.
396 937 477 1005 313:
500 937 533 1002 ἐκ
554 936 618 1001 τοῖν
637 931 699 1024 γάρ
717 933 858 1025 αἰσχρῶν
880 929 1053 1026 λημμάτων
1073 935 1171 1015 τούς
1189 939 1343 1016 πλείονας

502 1041 686 1130 άτωμένους
706 1047 816 1124 ἲδοις
834 1041 912 1137 nivii
933 1049 1164 1137 σεσωσμένους.

276 1161 419 1227 Fortasse
437 1183 500 1236 τις
522 1185 577 1249 pro
598 1154 670 1228 aori
677 1183 695 1237 ς
716 1170 747 1227 et
766 1185 809 1228 rs.
833 1185 878 1248 sq.
903 1157 1024 1230 ἴδοιτ’
1043 1161 1080 1231 δν
1098 1185 1154 1251 pro
1177 1158 1313 1239 ἴδοιςάν
1333 1163 1406 1229 sub·

278 1274 493 1354 stitnendum3
522 1299 591 1342 nam
624 1277 774 1342 articulus
798 1276 836 1341 ad
855 1273 1008 1351 πλείονας
1028 1278 1061 1342 in
1080 1277 1138 1344 hac
1162 1279 1314 1344 sententia
1332 1279 1405 1343 ferri

275 1389 401 1453 omnino
427 1390 544 1474 nequit.

318 1503 375 1570 Vs.
399 1506 465 1569 413
494 1527 555 1589 sq.:
571 1503 676 1594 ἐγερτὶ
694 1506 787 1570 κινῶν
803 1502 866 1574 uei.
897 1506 1024 1587 Vereor,
1040 1530 1079 1574 ne
1099 1495 1237 1574 antehoc
1257 1530 1330 1587 ves,
1349 1507 1404 1591 qni

278 1617 357 1684 male
381 1617 562 1685 cohaereant
585 1645 654 1687 cum
678 1621 881 1708 praegressis,
905 1620 1023 1707 aliquid
1047 1623 1205 1688 acciderit.

321 1732 377 1798 Vs.
415 1737 497 1799 443:
530 1728 624 1803 κοάκ
653 1725 859 1821 άπαρνοῦμαι
879 1728 923 1801 τδ
947 1726 1006 1824 μή.
1040 1737 1251 1803 Grammatica
1285 1736 1404 1801 Graeca

274 1847 429 1935 postulet:
451 1840 496 1914 τά
516 1842 567 1936 μή
586 1839 641 1913 ου’.
672 1847 807 1913 Librarii
832 1871 936 1935 saepe,
972 1872 1034 1914 non
1065 1851 1227 1917 intellecto
1253 1850 1406 1934 syninmi,

278 1964 311 2027 in
336 1961 487 2028 eiusmodi
515 1963 679 2027 sententiis
702 1963 830 2028 omisere
860 1966 1065 2030 necessarium
1092 1957 1142 2033 οδ.
1167 1966 1303 2033 Felicins
1336 1985 1407 2029 eva-

277 2077 320 2143 sit
342 2099 384 2143 vs.
407 2080 493 2160 544:
516 2067 560 2168 μή
580 2102 634 2143 τοι
652 2073 685 2160 μ’
704 2067 862 2164 άτιμάσῃς
879 2071 923 2144 τά
944 2074 995 2166 μή
1016 2073 1060 2146 ου’
1078 2080 1141 2146 aas.

323 2192 381 2258 Vs.
404 2197 487 2256 565:
509 2185 566 2256 δ’δ’
584 2186 674 2254 εἵλου
693 2179 748 2253 σάν
765 2192 875 2262 κακοῖς
895 2180 1055 2278 πράσσειν
1070 2181 1171 2258 κακά
1195 2192 1216 2256 i.
1240 2212 1266 2256 e.
1286 2193 1406 2277 quando

277 2328 343 2372 οκννι
373 2308 569 2372 multamulta
585 2311 715 2389 patrare
733 2305 933 2385 praeoptasti.
957 2303 1057 2368 Creon
1077 2303 1205 2390 pulchre
1227 2307 1291 2371 iam
1311 2304 1407 2371 intel-

239 2414 244 2423 ’
279 2421 394 2486 lexerat
415 2423 569 2486 insontem
593 2442 658 2483 esse
679 2419 837 2494 Ismenen3
868 2439 961 2502 quare
983 2418 1055 2484 vide
1082 2441 1121 2485 an
1144 2421 1248 2506 potius
1267 2420 1407 2485 scriben-

279 2536 352 2600 dum
377 2527 536 2623 πράσσειν
563 2531 734 2607 eunoici.
760 2555 785 2596 e.
809 2533 925 2620 infetia
955 2555 1027 2600 eoae.
1058 2535 1109 2599 Ita
1142 2557 1264 2621 quoque
1297 2535 1408 2599 melius

280 2651 356 2725 haec
374 2649 559 2736 respondent
570 2648 628 2726 iis,
651 2669 727 2731 quae
739 2647 858 2712 dixerat
869 2649 991 2742 Ismene
1005 2671 1050 2714 vs.
1063 2650 1127 2715 563
1140 2674 1204 2735 sq.,
1225 2649 1264 2714 cl.
1275 2672 1317 2716 vs.
1331 2649 1407 2714 567.

325 2765 381 2831 Vs.
405 2765 468 2830 578
482 2787 489 2827 :
840 2748 876 2824 εδ
895 2761 933 2826 δὲ
947 2753 1045 2837 τάςδε
1060 2755 1122 2851 χρῆ

447 2950 450 2956 .
516 2877 665 2960 γυναῖκας
685 2862 795 2937 εἶλαι
813 2863 889 2958 μηδ’
910 2863 1076 2956 άνειμὲνας
1091 2873 1155 2940 ε’άν.

276 2990 374 3058 Οοδδ.
395 2982 493 3073 εἶναι,
516 2986 599 3072 quod
622 2988 667 3051 ita
695 2984 829 3050 correxit
853 2985 1056 3068 Dindorfius;
1091 2987 1201 3052 dubito
1232 2991 1335 3051 tamen
1365 3005 1405 3048 an

276 3111 358 3173 recte
388 3104 516 3170 fecerit:
547 3125 617 3167 nam
646 3102 748 3188 primo
777 3100 901 3166 verbum
933 3101 1032 3168 ἲλλειν
1062 3125 1214 3189 nusquam
1248 3101 1406 3189 significat

275 3222 447 3296 custodire,
468 3241 550 3303 qnae
568 3218 656 3282 notio
679 3215 709 3280 h.
728 3215 749 3279 l.
771 3216 957 3299 requiritur,
977 3217 1088 3283 deinde
1109 3216 1202 3282 huius
1224 3216 1309 3284 verbi
1329 3218 1404 3280 Aor.

278 3342 298 3402 1
319 3334 400 3423 apud
414 3335 538 3398 Atticos
562 3332 705 3418 quidem,
723 3330 805 3416 qnod
818 3331 925 3410 sciam,
944 3343 1097 3420 ¹nusquam
1122 3337 1297 3419 comparet,
1325 3330 1407 3417 apud

275 3451 448 3518 Homerum
471 3455 517 3513 est
541 3446 630 3516 ἔλσαι
651 3470 675 3512 s.
697 3441 805 3512 ἐέλσαι
835 3467 907 3510 cum
937 3446 1027 3513 litera
1049 3450 1186 3517 Aeolica.
1220 3449 1281 3514 His
1310 3447 1407 3512 ratio-

185 3551 188 3558 *
276 3567 369 3633 nibus
392 3571 493 3630 motus
517 3562 724 3650 reponendum
748 3566 841 3648 puto:
859 3565 1008 3648 γυναῖκας
1026 3555 1161 3650 εἷρξαι
1177 3559 1241 3628 κτὲ.
1264 3562 1312 3628 Of.
1337 3585 1363 3628 v.
1380 3583 1408 3626 o.

276 3680 385 3769 Eurip.
409 3680 480 3746 Hel.
504 3679 578 3744 288.

319 3798 377 3865 Vs.
389 3800 429 3862 77
434 3804 471 3862 5:
494 3792 626 3884 φορβῆς
644 3791 814 3871 τοσοῦτον,
834 3783 881 3865 uie
900 3780 979 3873 άγος
997 3778 1137 3873 μόνον,
1158 3789 1320 3877 προθείς,

492 3900 584 3980 ὅπως
602 3902 729 3987 μλασμα
747 3898 840 3967 πάσ’
858 3891 1030 3990 ὑπεκφύγῃ
1051 3890 1157 3976 πόλις.

277 4025 339 4088 Pro
360 4017 439 4087 neio’
456 4020 566 4086 melius
602 4017 751 4083 scribetur
777 4016 851 4080 πάν.
886 4015 972 4087 Quid
994 4036 1049 4100 pro
1067 4003 1185 4097 μόνον,
1206 4013 1288 4103 quod
1315 4034 1408 4079 voca-

277 4137 382 4204 bulum
403 4137 532 4200 fortasse
551 4156 652 4199 errore
670 4130 877 4197 humiliatum
899 4133 945 4194 est
968 4151 1005 4192 ex
1026 4152 1071 4194 vs.
1094 4131 1179 4209 777,
1199 4127 1408 4217 reponendum

277 4254 336 4329 sit,
359 4250 483 4317 videant
502 4251 565 4316 alii.
583 4248 663 4319 Mihi
688 4269 750 4313 non
771 4244 948 4331 displiceret
967 4234 1014 4318 uie
1041 4234 1119 4328 άγος
1148 4235 1200 4331 μή
1228 4237 1351 4321 εἶναι,
1379 4243 1405 4307 si

278 4390 330 4454 per
353 4366 505 4452 syniaesin
527 4366 602 4431 haec
629 4363 756 4451 proferri
779 4383 867 4448 posse
890 4361 965 4426 setis
986 4356 1062 4424 mihi
1083 4361 1246 4422 constaret.
