3024 5264
757 439 796 501 87

241 615 332 682 Plut.
355 616 455 680 Amat.
482 617 540 690 15,
563 618 582 678 6
608 635 637 700 [a
662 610 725 678 758
747 613 775 678 Β
798 615 852 698 qui
877 612 1043 678 laudantur
1067 633 1172 678 versus
1196 613 1229 677 in
1248 611 1335 677 hunc

188 730 327 796 modum
351 728 572 816 suppleverim:

358 833 406 911 Ού
425 831 488 930 γάρ
508 863 552 926 με
572 832 644 919 Νύξ
666 832 769 906 ἔτικτε
790 831 953 929 δεσπότην
973 831 1085 929 λύρας,

357 945 397 1019 ού
416 944 536 1037 μάντιν,
558 942 628 1018 ov’d’
648 942 778 1041 ἰατρόν,
801 943 871 1018 αλλ’
891 944 997 1035 (sads
1019 951 1150 1041 γέρας)

356 1067 481 1151 θνητῶν
501 1057 571 1145 ἅμα
591 1067 767 1152 coxardus
788 1061 845 1139 εἰς
860 1056 994 1129 Ἅιδου
1017 1065 1160 1149 περᾶν).

240 1392 329 1456 Sext.
358 1391 473 1478 Empir.
498 1391 530 1456 iu
555 1390 699 1477 Disputt.
720 1392 895 1477 Antiscept.
919 1412 965 1477 ap.
990 1390 1080 1456 Febr.
1104 1388 1187 1457 Bibl.
1208 1391 1261 1456 Gr.
1287 1391 1333 1468 V,

186 1507 209 1570 7
240 1528 271 1592 p.
295 1509 379 1571 623:

397 1608 494 1706 ’Όψει
514 1618 662 1706 διαθρῶν
683 1607 797 1683 ούδὲν
818 1609 862 1683 dv
881 1613 985 1706 πάντῃ
1005 1610 1103 1685 καλύν

403 1720 472 1794 οὐδ’
493 1719 640 1819 αἰσχρόν·
661 1719 744 1795 ύλλοὶ
764 1722 852 1794 ταῦτ’
873 1726 1028 1817 ἐποίησεν
1047 1721 1155 1812 λαβύν

405 1831 423 1906 d
445 1834 559 1928 καιρὸς
579 1831 700 1928 αἰσχροὶ
718 1838 772 1905 καὶ
795 1835 969 1920 διαλλάξας
989 1832 1081 1907 καλύ.

238 1953 479 2032 soloecismum,
510 1955 564 2039 qui
587 1957 634 2020 est
666 1954 699 2018 in
736 1975 780 2018 vs.
807 1958 847 2033 1,
879 1953 972 2019 facile
1005 1953 1098 2021 tollas
1132 1952 1329 2023 rescribendo

184 2059 275 2134 οὐδὲ
289 2065 331 2148 ἓν,
354 2068 406 2134 sed
418 2073 572 2154 praeterea
589 2074 719 2134 metrum
732 2069 875 2153 requirit:
887 2064 967 2156 ὄψει
983 2065 1020 2134 δὲ
1035 2066 1193 2156 διαδρῶν.
1212 2070 1330 2134 Versus

183 2183 278 2247 enim
291 2182 372 2249 haud
395 2184 487 2251 dubie
503 2207 519 2250 e
536 2185 696 2250 comoedia
716 2206 794 2249 nova
819 2184 971 2272 desumpti
995 2189 1085 2263 suut,
1105 2185 1173 2271 ipso
1197 2184 1328 2249 Meuan-

183 2299 268 2376 dro,
294 2303 329 2363 ut
355 2300 514 2378 videntur,
544 2322 606 2364 non
635 2299 769 2385 indigui.

237 2618 457 2706 Fragmentum
500 2619 675 2696 distichon,
716 2621 800 2706 quod
824 2623 912 2686 affert
937 2618 1125 2687 Plutarchus
1155 2621 1187 2685 in
1221 2618 1327 2686 libello

182 2756 235 2798 οτι
259 2735 329 2798 acci
348 2736 482 2819 ριναιδιι
504 2737 547 2800 rit
570 2759 648 2822 resp.
673 2742 709 2816 9,
734 2760 763 2824 p.
788 2741 852 2802 789
877 2736 924 2802 A:

341 2846 391 2922 τίς
412 2838 450 2913 dv
470 2869 509 2913 σε
528 2841 654 2940 νύμφη,
675 2848 727 2925 τίς
748 2846 785 2915 δὲ
806 2846 976 2938 παρθένος
997 2847 1052 2915 νέα

340 2949 459 3039 δέξαιτ’
479 2949 533 3045 dicu
556 2946 594 3026 εύ
614 2950 643 3047 γ’
665 2949 720 3026 οὖν
740 2949 785 3036 ὥς
806 2964 920 3047 γαμεῖν
941 2955 1040 3045 ἔχεις,
1063 2954 1191 3035 τάλας.

181 3073 277 3139 sitne
305 3094 343 3136 ex
370 3073 533 3159 tragoedia
559 3097 597 3138 an
620 3097 637 3138 e
659 3074 817 3139 comoedia
840 3074 1052 3161 desumptum,
1083 3073 1242 3162 ambigant
1264 3075 1324 3140 viri

182 3188 296 3266 docti,
318 3189 457 3273 quamvis
479 3187 521 3253 sit
543 3189 648 3254 nullus
666 3189 830 3255 dubitandi
847 3190 951 3268 locus,
967 3188 1118 3276 siquidem
1134 3190 1196 3255 sobi
1211 3190 1325 3275 διαρλού

182 3309 326 3370 utuntur
358 3305 391 3368 in
416 3305 558 3371 vocativo
581 3305 680 3369 forma
703 3295 822 3385 τάλας,
858 3305 970 3371 comici
1005 3311 1112 3371 contra
1147 3308 1324 3371 constanter

182 3409 292 3484 τάλαν
313 3440 340 3483 v.
361 3439 403 3482 c.:
425 3418 508 3484 Plut.
535 3422 619 3484 1055
648 3420 756 3485 Arist:

253 3536 291 3596 A
308 3519 421 3611 βούλει
442 3525 497 3597 did
517 3527 633 3619 χρόνον
654 3521 741 3619 πρύς
761 3553 804 3614 με
825 3535 943 3599 παῖσαι
951 3561 962 3617 ;
985 3538 1014 3600 Β
1033 3538 1109 3616 ποῖ,
1130 3525 1258 3600 τύλαν.

234 3643 370 3733 Egregie
387 3645 486 3732 igitur
502 3642 622 3710 fallitur
637 3643 830 3710 Matthiaeus
854 3645 959 3713 locum
982 3671 1020 3714 ex
1043 3646 1248 3714 Srurrmurs
1270 3670 1322 3714 co·

182 3759 265 3824 mici
294 3758 470 3825 Philocteta
500 3759 712 3847 depromptum
752 3783 817 3825 esse
852 3767 973 3848 putans.
1014 3762 1066 3850 (cf.
1097 3762 1182 3829 Plut.
1217 3763 1323 3840 verba,

181 3897 268 3960 quae
290 3858 502 3962 praecedunt).

229 4203 318 4270 Stob.
341 4203 409 4269 uo.
433 4204 525 4290 Phys.
548 4207 583 4282 I,
607 4209 647 4286 4,
670 4210 711 4271 41
737 4228 765 4292 p.
791 4209 856 4272 128
881 4205 928 4272 H:

342 4307 449 4405 Μύνῆ
471 4339 539 4386 στιν
561 4311 784 4407 ἀπαραίτητος
806 4309 1043 4408 ἀνθρώποις
1065 4319 1156 4408 Alaea
