3024 5264
727 446 767 506 40

231 615 280 680 nd
297 615 479 681 sententiam
492 618 667 681 conferatur
680 618 786 704 fragm.
810 640 848 682 ex
871 615 1022 684 Erechteo
1045 620 1125 706 apud
1149 622 1235 689 Stob.
1249 625 1314 702 ΙΙΙ,

189 732 229 796 18
253 753 296 794 vs·
329 733 369 796 11
391 754 473 816 sqq:
1046 776 1049 781 -

339 835 458 918 οἷδλκως
478 842 515 909 δὲ
533 838 578 931 μή
598 844 664 908 κτῶ
682 835 827 934 χρήματ’,
848 841 884 934 ἢν
904 837 1007 935 βούλῃ
1027 843 1130 914 nolte

339 949 453 1044 χρόνον
472 946 654 1046 μελάθροις
674 954 836 1040 ἐμμένειν·
860 951 901 1024 τοὶ
921 951 983 1045 γαρ
1003 959 1108 1035 κακῶς

341 1069 450 1142 οἴκους
468 1059 633 1156 ἐσελθόντ’
654 1061 712 1134 ου’κ
732 1063 800 1152 ἔχει
819 1068 989 1158 σωτηρίαν.

231 1182 379 1267 Reliqua,
403 1183 541 1266 quamvis
566 1181 602 1246 de
625 1183 778 1247 sententia
797 1183 873 1247 satis
897 1189 1034 1262 constet,
1064 1184 1138 1250 adeo
1170 1190 1316 1272 corrupta

188 1302 274 1376 sunt,
296 1303 331 1363 ut
354 1316 476 1362 manum
499 1296 647 1363 abstineri
671 1298 770 1364 satius
793 1320 858 1362 csse
877 1298 1015 1376 arbitrer.

230 1644 350 1711 Dubito
362 1666 400 1709 an
413 1645 565 1732 integram
585 1645 770 1711 senteutiam
786 1647 973 1733 excerpserit
984 1646 1135 1713 Stobacns
1158 1645 1318 1727 XXXIV,

188 1765 224 1838 2,
248 1759 300 1824 ubi
325 1761 413 1824 affert
443 1759 592 1824 Archelai
622 1760 844 1846 fragmentum:

341 1862 479 1948 Ἀπλοῦς
499 1866 517 1939 ὁ
538 1872 663 1955 μῦθος,
685 1864 730 1961 μῆ
752 1865 817 1960 λέγ’
836 1861 891 1939 εὖ·
913 1850 952 1941 ‘ui
973 1865 1036 1964 γαρ
1058 1873 1160 1960 λέγειν

340 1973 378 2049 εὖ
397 1974 500 2051 δεινόν
521 1981 602 2066 ἐςιν,
623 1982 654 2051 εἰ
674 1982 774 2074 φέροι
794 1979 864 2052 cccci
883 1977 1016 2075 βλάβην.

187 2099 350 2184 Suspicor:
826 2096 828 2100 ’

648 2215 716 2303 τῆς
737 2206 930 2303 ἀληθείας
952 2207 1027 2301 ἔφυ

393 2317 516 2400 ἁπλοῦς
536 2316 554 2390 ὁ
573 2325 683 2406 μῦθος
701 2323 765 2392 nri.

188 2440 236 2505 Of.
259 2440 365 2527 Eurip.
389 2439 505 2504 Phoen.
529 2439 594 2504 469
619 2444 649 2504 et
672 2438 818 2524 Aeschyl.
841 2462 887 2526 ap.
907 2438 992 2504 Stob.
1013 2438 1084 2517 XI,
1107 2440 1136 2504 8.

232 2786 447 2874 Corruptelam
481 2810 588 2873 passus
618 2787 741 2853 videtur
777 2786 866 2853 locus
900 2809 937 2853 ex
967 2787 1071 2853 eadem
1101 2785 1205 2852 fabula
1236 2786 1317 2874 apud

186 2904 349 2969 Stobaeum
374 2903 449 2979 CV,
473 2904 535 2967 31:

339 3005 441 3081 πάλαι
463 3014 649 3099 σκοποῦμαι
668 3008 727 3090 τοὶς
744 3006 844 3098 τύχας
864 3006 923 3088 uic
943 3015 1007 3080 τῶν
1026 3014 1155 3102 βροτῶν

337 3119 383 3202 οἷς
405 3116 447 3192 εὖ
467 3117 763 3211 μεταλλάσσουσιν·
786 3118 824 3201 ὃς
844 3117 906 3214 γᾶρ
929 3117 968 3191 ib
990 3126 1123 3216 σφαλῇ,

338 3237 386 3316 εἰς
406 3234 509 3327 ὄρθου
529 3233 601 3328 ἔςη,
622 3229 670 3322 χώ
691 3237 770 3326 πρὶν
790 3228 931 3321 εὐτυχῶν
949 3241 1064 3304 aucei.

228 3353 450 3438 Unusquisque
471 3353 552 3417 enim
576 3352 667 3418 facile
688 3352 772 3417 videt
796 3351 974 3417 adverbium
996 3337 1033 3416 eci
1053 3350 1146 3417 huius
1170 3350 1230 3415 loci
1255 3371 1317 3414 non

184 3494 264 3548 esse,
280 3468 372 3553 idque
384 3468 575 3533 intellexisse
587 3469 709 3532 videtur
728 3468 879 3553 interpres
891 3466 1026 3531 Latinus
1044 3467 1124 3552 apud
1137 3465 1318 3542 Didotium3

183 3609 254 3653 nam
277 3584 387 3651 vertit:
411 3584 525 3647 ducam
547 3585 731 3668 contemptor
753 3605 844 3648 οσιιιο
866 3586 1030 3661 humanos,
1061 3577 1200 3668 quantas
1216 3590 1318 3646 muta·

184 3704 281 3767 tiones
299 3701 447 3791 σολανυς
475 3699 512 3762 ad
539 3722 663 3782 sensum
687 3699 749 3765 loci
773 3699 960 3777 rectissime,
982 3719 1044 3761 non
1069 3696 1107 3760 ad
1132 3698 1314 3784 scripturam

187 3816 363 3904 vulgatam,
386 3839 463 3904 quac
487 3818 534 3881 ita
560 3815 683 3880 videtur
705 3813 910 3892 immutanda,
933 3818 968 3878 ut
991 3813 1144 3901 legamus:

495 3923 585 3996 ὅσον
605 3918 899 4012 μεταλλάσσουσιν·
920 3924 982 3991 arci.

230 4172 280 4236 Ad
301 4172 426 4236 candem
446 4172 577 4236 fabulam
599 4177 672 4236 sunt
688 4173 740 4256 qui
754 4171 886 4235 referant
904 4190 1022 4234 versum
1038 4168 1156 4272 ¹incerti
1181 4167 1317 4231 auctoris

188 4310 233 4373 ap.
242 4287 414 4363 Herodian.
436 4284 514 4372 περὶ
530 4284 649 4350 σολοικ.
669 4287 701 4349 in
720 4287 860 4351 Bcisson.
883 4289 942 4350 An.
959 4287 1013 4350 Gr.
1038 4282 1099 4351 vol.
1114 4283 1169 4347 ΠΙ
1193 4304 1221 4367 p.
1234 4285 1318 4360 245,

185 4399 239 4465 καὶ
258 4391 356 4466 πάλιν
375 4393 442 4465 ἀντὶ
463 4398 606 4489 αἰτιακῆς
626 4390 758 4486 γενικήν·
