3024 5264
585 793 790 859 cAPU'r
830 793 889 857 IX.

486 1039 718 1086 corneorum
743 1040 781 1085 IN
804 1040 999 1086 rememora.

224 1529 391 1596 Hrcoorr
414 1553 458 1596 νε.
483 1536 565 1598 209:

303 1645 361 1729 γᾶς
380 1638 658 1730 ῶποπεμπομέναν
679 1637 819 1723 σκότος
840 1641 923 1713 ἔνθα
945 1646 1064 1735 νεκρῶν
1083 1643 1166 1729 μέτα

306 1747 328 1819 ολ
348 1744 483 1822 τάλαινα
503 1757 662 1842 κείσομαι.

182 1868 316 1934 Variant
345 1868 418 1935 libri
449 1871 531 1937 inter
554 1862 682 1958 σκότος,
706 1863 819 1940 σκότον
840 1878 872 1939 et
893 1860 1008 1953 σκότῳ.
1040 1871 1157 1938 Verum
1189 1870 1312 1937 videtur

181 1976 292 2049 κάτω.
315 1984 464 2051 Similiter
487 1988 624 2054 Cobetus
648 1990 778 2078 corrigit
802 1988 913 2054 Helen.
937 2011 983 2055 νι.
1007 1992 1060 2053 62.

133 2087 136 2091 ἢ
231 2097 285 2162 Vs.
310 2103 390 2167 2⁷9:
423 2093 524 2190 ταύτῃ
545 2100 672 2191 γέγηθα
691 2094 918 2192 κοῖπιλήθομαι
938 2100 1051 2166 κακῶν.
1074 2102 1122 2167 cf.
1145 2103 1245 2167 Orest.
1269 2125 1313 2166 vs.

186 2215 246 2281 66:
279 2205 380 2301 ταύτῃ
411 2213 532 2304 γέγηθε
558 2206 776 2304 κῶπιλὴθεται
804 2215 920 2300 κακῶν,
950 2216 1034 2282 undo
1070 2219 1173 2283 nescio
1208 2240 1247 2282 an
1280 2218 1313 2281 in

184 2331 323 2418 margine
344 2331 418 2395 olim
453 2330 643 2416 adscriptus,
669 2328 731 2395 huo
765 2332 894 2396 mutatis
924 2333 1064 2417 personis
1084 2332 1228 2398 invectus
1263 2333 1316 2397 sit.

186 2447 342 2512 Omissum
371 2451 453 2511 certe
471 2443 555 2510 huno
580 2468 699 2511 veroum
721 2468 811 2511 nemo
836 2446 997 2512 desideret.

232 2561 288 2626 Vs.
312 2560 393 2625 361:
416 2550 473 2652 τὴν
486 2547 635 2647 Ἕκτορός
654 2579 691 2624 τε
712 2551 858 2647 χὰτέρων
878 2564 1077 2629 ΠΟΛΛΩΝ
1093 2550 1195 2629 κάσιν.
1221 2561 1316 2629 Haud

188 2674 282 2741 dubie
310 2697 415 2741 verum
449 2678 496 2740 est
523 2677 721 2744 ΗΡΟΜΩΝ
740 2673 761 2737 i.
784 2695 808 2738 o
830 2663 985 2762 πρόμων,·
1009 2676 1049 2741 of.
1072 2676 1184 2742 Trood.
1212 2681 1254 2743 31
1285 2684 1317 2744 et

188 2791 302 2878 passim
324 2790 406 2877 apud
428 2791 575 2879 tragicos.

233 2906 291 2971 Vs.
314 2910 394 2971 398:
418 2894 538 2972 ὁποῖα
556 2902 670 2978 κλσσος
692 2894 793 2990 δρυός
814 2893 922 2977 ὅπως
940 2894 1033 2991 τῆσδ’
1053 2902 1177 2987 ἕξομαι.

188 3022 273 3088 Male
288 3020 427 3087 abundat
437 3022 492 3086 aut
511 3011 613 3083 ὁποῖα
635 3022 688 3083 aut
711 3010 813 3093 ὅπως.
834 3017 998 3104 Suspicor:
1010 3004 1112 3083 ὁποῖα
1131 3042 1158 3082 κ.
1182 3018 1211 3083 δ.
1231 3013 1318 3082 ἐπεὶ

189 3134 257 3203 ni.
279 3136 327 3202 vel
347 3127 376 3201 ὁ.
398 3159 426 3199 κ.
448 3135 477 3200 δ.
501 3125 605 3217 ὅμως
624 3129 688 3198 nt.

234 3254 293 3318 Vs.
307 3251 389 3316 527:
433 3247 558 3337 πλῆρες
579 3242 608 3311 δ’
627 3241 665 3309 ἐν
684 3246 819 3333 χεροῖν
839 3235 948 3327 λοβῶν
967 3240 1073 3318 δέπας

439 3350 630 3446 πάγχρυσον
648 3357 755 3446 αἴρει
773 3354 878 3445 χειρὶ
900 3360 980 3431 παῖς
1000 3347 1169 3440 Ἀχιλλέως

439 3465 520 3557 χοῶς
539 3460 673 3536 θανόντι
694 3467 807 3556 πατρλ

190 3589 269 3657 cod.
292 3597 430 3673 Α...ρει
452 3586 500 3674 (in
516 3602 654 3650 rasurae
676 3583 781 3669 posuit
804 3604 842 3646 m.
856 3583 875 3647 2
889 3581 1100 3668 suprascripto
1114 3582 1159 3669 ρ),
1182 3601 1207 3643 o.
1229 3577 1321 3644 habet

191 3707 297 3794 αἴρει,
322 3702 415 3767 ceteri
439 3696 539 3790 ἔρρει.
562 3702 684 3767 Neutra
704 3699 798 3765 leotio
821 3721 896 3763 sana
918 3702 982 3776 est,
1004 3720 1062 3762 neo
1084 3694 1171 3780 χειρὶ
1191 3700 1272 3782 post.
1291 3691 1323 3760 ἕν

190 3818 301 3904 χεροῖν
322 3817 393 3882 ferri
420 3838 510 3903 posse
533 3815 675 3882 arbitror.
702 3813 848 3880 Conieoi:

780 3921 889 4009 λοβῶν
910 3923 1015 3999 δέπας

400 4031 590 4126 πάγχρυσον
610 4029 677 4105 εἶτ’
697 4036 824 4123 ε’χεῖτο
847 4041 927 4113 παῖς
946 4028 1118 4120 Ἀχιλλέως

399 4147 479 4236 χοῶς
499 4144 632 4218 θανόντι
652 4150 765 4239 πατρί.
1048 4218 1066 4240 --..

239 4266 295 4329 Vs.
319 4269 400 4331 680:
430 4262 651 4340 εἴ-ἐλπίδαςί
684 4267 817 4330 Remoto
837 4263 895 4327 hoc
920 4284 1026 4340 versu,
1049 4261 1223 4326 lucrabitur
1259 4263 1324 4322 tra-

191 4382 315 4468 gordia.

1173 4505 1188 4556 9
