3024 5264
640 444 679 504 47

137 614 222 680 Plut.
245 614 369 680 Consol.
385 653 387 659 <
403 615 442 679 ad
474 613 620 700 Apollon.
643 621 662 678 8
688 637 716 700 p.
742 616 804 680 106
828 606 909 681 Α.ὁ
937 615 976 682 δὲ
1004 610 1224 706 παραμυθού-

83 750 184 809 μενος
201 721 258 817 τήν
280 723 407 816 Δανάην
423 729 665 794 δυσπενθοῦσαν
680 725 799 804 Δίκτυς
813 728 899 817 φησί
908 752 918 767 ·

241 841 348 914 δοκεῖς
365 831 422 906 τόν
433 831 544 927 Ἅιδην
559 838 626 903 σῶν
641 862 673 904 τι
691 838 879 927 φροντίζειν
895 831 999 926 γόων,

241 949 295 1016 καὶ
314 943 406 1017 παῖδ’
425 940 554 1039 οἷνὴσειν
567 941 623 1015 νὸν
639 939 715 1031 σόν,
737 948 768 1016 εἰ
784 950 899 1026 θέλοις
916 949 1060 1032 ςῖνειν·

242 1062 387 1129 παῦσαι·
407 1060 579 1145 βλέπουσα
593 1054 623 1128 δ’
643 1060 690 1136 εἰς
712 1059 774 1127 κτὲ.

131 1174 304 1241 Vocabula:
326 1174 356 1242 εἰ
373 1173 487 1250 θέλοις
509 1174 610 1254 ςένειν
628 1177 790 1241 offensioni
802 1177 887 1242 fuere
906 1175 1040 1255 Bothio,
1052 1177 1105 1261 qui
1122 1176 1225 1265 inepte

84 1291 275 1377 suspicatur:
300 1287 330 1356 εἰ
347 1280 468 1366 ῶτελῶς
488 1287 597 1369 ςένεις.
621 1291 655 1356 Si
688 1293 765 1376 quid
797 1292 979 1358 mutandum
1013 1297 1102 1370 esset,
1128 1292 1223 1357 scribi

84 1412 211 1492 posset:

653 1517 684 1585 εἰ
705 1518 836 1594 θέλοις·
855 1509 975 1598 ςόνων

395 1630 539 1694 παῦσαι·
559 1628 622 1696 κτῖ.

129 1741 189 1806 sed
208 1742 298 1807 locus
322 1742 392 1808 vitii
423 1762 547 1828 prorsus
581 1743 730 1808 immunis
760 1750 816 1809 est.
840 1743 978 1809 Verbum
1009 1744 1091 1808 enim
1112 1740 1223 1810 θέλειν

84 1857 191 1921 eadem
214 1858 354 1934 ratione,
378 1863 412 1922 ut
436 1857 481 1921 ita
513 1857 623 1935 dicam,
646 1858 871 1946 periphrastica
891 1866 922 1925 et
946 1858 1021 1925 alibi
1045 1858 1219 1925 adhibitum

84 1972 224 2036 invenies
236 1978 276 2050 et,
301 1994 341 2036 ne
364 1970 535 2058 exemplum
548 1972 637 2052 desit,
659 1974 692 2037 in
712 1974 828 2040 Αλοεελ.
865 1997 910 2038 vs.
935 1977 1039 2039 1079:
1068 1970 1102 2039 τλ
1129 1968 1158 2039 δ’
1183 1963 1222 2036 ἂν

83 2075 295 2171 προκόπτοις,
315 2083 346 2152 ελ
366 2084 477 2160 θέλεις
497 2085 530 2171 (l.
553 2085 681 2173 θέλοις)
705 2079 758 2153 ἀεὶ
778 2086 893 2172 ςένειν,·

128 2568 212 2634 Stob.
237 2569 303 2649 VI,
327 2575 357 2634 2.
380 2570 440 2635 τοῦ
461 2567 561 2635 αὐτοῦ
579 2561 685 2654 (Εῶρ.)
705 2567 892 2643 Δίκτυος·

280 2683 417 2758 πολλοῖς
437 2680 583 2770 παρὲςην
602 2672 835 2770 καφθόνησα
854 2673 900 2768 δή
920 2679 1059 2768 βροτῶν,

281 2788 351 2872 ὅςις
370 2799 512 2858 κακοῖσιν
534 2786 654 2866 ἐσθλός
676 2784 720 2857 ῶν
739 2786 852 2876 ὅμοιος
874 2780 896 2879 ᾖ
906 2841 914 2871 ,

279 2897 382 2992 λόγων
401 2904 547 2987 ματαίων
570 2901 617 2979 εἷς
638 2896 774 2986 ἅμιλλαν
793 2892 902 2982 ἐξιῶν·

277 3010 317 3083 τό
338 3008 368 3082 θ’
388 3005 426 3104 ἦν
446 3006 500 3103 ἄρ’
522 3008 579 3081 οὐκ
601 3005 737 3094 οἷκονςόν
757 3006 827 3080 ουἰῖ
846 3003 1037 3101 ἀνασχετόν,
1128 3001 1130 3011 ’

280 3128 371 3213 σιγῶν
387 3117 523 3193 κλύοντα
540 3122 628 3192 δεινοὶ
647 3119 734 3215 νιρός
748 3121 906 3192 κακιόνων.

128 3241 296 3306 Μεῃίλεελο
330 3241 507 3306 mendosum
528 3248 574 3305 est
593 3229 808 3328 καφθόνησα;
841 3262 930 3305 nemo
958 3240 1037 3304 enim
1062 3239 1214 3307 eiusmodi

82 3354 270 3435 hominibuS‚
294 3356 331 3420 de
342 3356 456 3441 quibus
467 3354 520 3421 hic
534 3378 633 3420 sermo
646 3361 701 3432 est,
726 3353 854 3418 invidet.
878 3355 1051 3420 Lenissime
1064 3356 1212 3443 corrigas:

237 3467 372 3542 πολλοῖς
389 3465 553 3556 παρέστην
566 3463 802 3556 κᾶφρένωσα
820 3461 860 3555 δὴ
878 3467 1022 3557 βροτῶν,

237 3574 306 3658 ὃςις
319 3583 462 3645 κακοῖσιν
479 3576 543 3646 κτῖ.

85 3684 224 3757 Praestat
246 3699 348 3757 tamen
372 3695 514 3758 fortasse:
748 3782 750 3786 ι

187 3800 337 3880 ντολλούς
358 3795 502 3894 τιοῖρεςι
521 3797 721 3895 κῶφρονας
736 3807 867 3872 καλεῖν
880 3805 1009 3894 βροτῶν
1027 3805 1090 3872 κτῖ.

84 3905 204 4000 πολρεςι
224 3920 304 3982 enim
324 3919 439 4006 legitur
461 3922 493 3985 in
518 3921 643 4008 optimis
668 3920 756 3985 codd.
778 3925 896 3999 ΑΒΜ,
915 3927 945 3984 et
968 3921 1014 3983 ita
1037 3920 1146 3987 melius
1167 3944 1214 3987 se·

84 4032 189 4114 quitur
201 4023 341 4120 ὅςις-ᾖ.
352 4036 509 4100 Praeterea
525 4025 734 4122 κῶφρένωσα,
749 4035 861 4121 quippe
872 4035 953 4120 quod
962 4036 1099 4121 requirat
1110 4039 1214 4102 Accu·

86 4148 225 4228 sativum,
238 4173 301 4214 non
317 4151 378 4215 nisi
390 4173 443 4237 per
456 4149 578 4234 ζεῦγμα
595 4170 664 4212 cum
677 4151 931 4234 praecedentibus
939 4155 1042 4238 potest
1054 4153 1214 4238 coniungi.

572 4354 722 4367 fi
