3024 5264
826 455 887 514 158

324 622 398 708 Cap.
418 625 460 685 52
485 642 580 707 prope
602 619 707 686 finem:
730 614 1002 706 ἀπολαμβάνουσι
1023 616 1164 693 κάκεῖνον
1185 625 1218 693 ἐν
1236 631 1285 713 τῷ
1300 629 1412 717 [aerlei

279 736 348 822 καὶ]
369 736 464 818 μυχρῖ
483 733 543 798 τοῦ
563 731 700 814 λιμένος.
728 735 776 802 Of.
799 735 865 801 VII
889 760 954 825 cap.
979 744 1007 802 4.

324 851 399 936 Cap.
423 849 465 914 53
489 869 582 933 prope
604 848 695 913 finem
719 873 861 940 expungo
889 844 946 938 τήν
967 854 1045 918 ναόν
1066 860 1137 941 post
1159 846 1316 942 ἀφεῖσαν,
1340 879 1410 924 nam

279 964 469 1050 intelligitur
492 985 508 1027 e
530 964 716 1050 praegressis
738 956 869 1045 ὁλκάδα,

323 1083 389 1166 Gap
412 1080 454 1145 57
479 1079 553 1164 §22
577 1074 748 1165 Αἰγινῆται
778 1070 827 1164 [o‘l
854 1068 931 1142 τότε
960 1081 1096 1163 ΙΑἴγιναν
1126 1072 1246 1164 rigord,
1279 1081 1332 1146 καὶ
1363 1076 1412 1147 ἔτι

277 1190 414 1282 Ἐςιαιῆς
435 1189 481 1270 [οἱ
501 1188 534 1256 ἐν
555 1180 679 1274 Εάβολρ
697 1179 835 1268 ‘uelem
855 1186 1029 1274 αἰνοῦντες]
1063 1184 1195 1261 deonna
1221 1185 1313 1269 ὄντες
1339 1193 1412 1273 ξυν-

281 1298 487 1395 εςράνεοσαν.
510 1303 591 1368 Ibid.
613 1302 630 1386 t
655 1305 691 1365 9:
714 1302 843 1388 Δωριῆς
870 1297 925 1365 ἐπὶ
956 1306 1088 1390 Δωριᾶς
1116 1298 1188 1391 μετ’
1207 1303 1411 1393 [Αθηναίων]

280 1411 386 1487 Ἰαόνιον
405 1409 625 1506 ἡκολοόθοονς
648 1437 711 1500 quo
732 1413 912 1479 emblemate
928 1419 1020 1502 periit
1036 1421 1136 1484 omnis
1151 1421 1302 1485 orationis
1318 1421 1412 1484 nitor.

325 1534 400 1621 Cap.
416 1537 457 1598 58
474 1533 571 1597 furuis
590 1530 706 1617 expelle
729 1528 896 1616 magistelli
919 1533 1025 1596 neseio
1044 1535 1136 1600 euius
1158 1535 1412 1610 additamentum,

280 1650 364 1734 quod
391 1650 459 1735 ipso
486 1647 634 1712 sermonis
663 1645 766 1710 eolore
791 1666 824 1708 se
849 1645 971 1731 prodit:
1003 1635 1135 1713 δύναται
1161 1646 1202 1714 δὲ
1231 1644 1270 1714 τό
1300 1650 1412 1714 νεοόα·

280 1764 387 1845 μῶδες
408 1753 584 1846 ἐλεύθερον
607 1750 669 1847 ἤδη
690 1753 777 1826 εἶναι.
811 1762 861 1824 An
892 1761 973 1824 forte
1002 1767 1093 1847 putas
1125 1762 1237 1828 Nostri
1272 1763 1412 1847 aequales

281 1878 458 1963 ignorasse,
481 1873 629 1959 quidhoc
642 1873 828 1939 vocabulum
839 1875 1055 1961 significaret?
1075 1880 1210 1943 Aut-eur
1221 1879 1291 1943 Lib.
1303 1877 1336 1944 V
1348 1882 1390 1943 34
1403 1927 1413 1957 ‚

281 1991 333 2056 ubi
360 1990 396 2054 de
419 1987 474 2052 illo
507 1988 666 2053 hominum
689 2011 802 2076 genere
828 1991 957 2076 primam
987 1992 1172 2057 mentionem
1206 1994 1300 2072 feeit,
1330 1995 1411 2059 idem

281 2106 392 2171 dooere
413 2100 599 2191 dedignatus
621 2105 691 2170 est?
710 2106 795 2170 Sunt
819 2111 920 2171 autem
944 2105 1120 2171 huiusmodi
1144 2108 1354 2175 additamenta
1376 2131 1412 2174 eo

281 2221 433 2308 imprimis
468 2221 592 2285 nomine
630 2212 821 2308 pernieiosa‚
865 2221 948 2306 quod
980 2228 1114 2288 veterum
1146 2223 1349 2310 scriptorum,
1394 2247 1412 2289 a

281 2337 395 2423 quibus
412 2337 595 2423 eaprofeota
617 2357 683 2401 esre
705 2335 754 2401 rel
777 2336 892 2402 eruditi
906 2337 1054 2415 eredunt,
1077 2336 1169 2403 iidem
1189 2360 1331 2426 arrogare
1353 2340 1413 2406 sibi

281 2452 383 2517 solent
409 2434 690 2541 etauctoritatem.
714 2450 830 2516 Verum
854 2474 937 2528 esse,
957 2450 1039 2536 quod
1060 2457 1200 2531 autumo,
1224 2453 1413 2520 documento

282 2571 356 2645 sint,
379 2587 455 2651 quae
478 2565 643 2631 Goellerus
663 2564 802 2651 disputat
825 2566 864 2631 ad
888 2566 919 2629 V
942 2589 1007 2653 cap.
1029 2569 1082 2632 34.

327 2684 401 2766 Cap.
424 2685 483 2745 69:
512 2672 685 2768 πατρόθεν
714 2674 743 2742 τ’
772 2670 981 2762 ἐπονομάζων
1014 2679 1075 2745 καὶ
1105 2671 1247 2756 oriende
1278 2672 1414 2762 όνομαςὶ

180 2820 184 2826 ·
281 2794 343 2861 καὶ
365 2783 479 2882 φυλήν.
509 2793 595 2867 Quid
621 2794 770 2859 orationis
797 2794 857 2859 hoe
885 2794 951 2858 est?
985 2797 1036 2858 An
1060 2795 1158 2881 igitur
1188 2797 1281 2860 etiam
1302 2798 1413 2860 tribum

281 2907 477 2996 appellabant
500 2899 680 2995 πατρόθεν.
713 2913 821 2997 Apage
850 2909 1004 2994 ineptias!
1039 2918 1071 2974 et
1102 2909 1280 2994 Thucydidi
1311 2910 1413 2976 redde:

281 3013 452 3108 πατρόθεν
478 3013 507 3086 τ’
529 3012 740 3103 ἐπονομάζων
768 3014 911 3098 alsede
948 3021 1013 3088 καὶ
1053 3013 1190 3106 όνομαςλ
1221 3020 1287 3090 καλ
1316 3012 1413 3089 κατά

283 3125 398 3224 φυλήν.

327 3249 401 3332 Cap.
426 3250 467 3311 78
494 3247 511 3329 ό
537 3247 575 3311 3:
595 3246 649 3313 καὶ
670 3238 803 3312 olisius
823 3240 991 3311 ἔπειθεν
1012 3236 1131 3321 αάτοός
1152 3238 1413 3335 όἘρμοκράτης.

284 3366 443 3449 Perpetem
466 3384 483 3425 e
506 3360 594 3424 codd.
618 3359 697 3425 hane
717 3359 884 3424 lectionem
908 3360 940 3423 in
972 3360 1111 3424 ordinem
1137 3367 1318 3448 receperunt
1348 3359 1415 3424 edi·

283 3486 379 3552 tores,
402 3498 497 3562 quum
521 3480 611 3539 antea
641 3475 814 3540 rectissime
835 3474 995 3540 ederetur:
1016 3471 1070 3539 καὶ
1091 3467 1149 3540 οόκ
1169 3470 1313 3540 ἔπειθεν.
1337 3475 1415 3540 Par-

283 3593 383 3661 tieule
404 3586 452 3656 ἔτι
474 3589 687 3676 dittographia
702 3597 775 3654 nata
790 3595 837 3654 est
852 3613 890 3655 ex
902 3588 1021 3655 duabus
1033 3588 1141 3676 primis
1152 3587 1252 3652 literis
1271 3589 1415 3655 vocabuli

284 3708 447 3794 sequentis.
470 3705 563 3778 Quod
584 3707 665 3770 enim
686 3703 778 3770 hodie
800 3705 956 3792 vulgatur,
979 3702 1414 3791 signifiearetHermoeratem

285 3820 522 3913 primoquidem
545 3823 733 3907 persuasisse
755 3821 903 3899 ducibus,
927 3818 1038 3884 deinde
1058 3840 1128 3883 vero
1150 3840 1213 3882 uon
1237 3819 1381 3904 amplius.

330 3941 403 4024 (lap.
427 3941 468 4001 ⁷5
491 3934 561 4000 init.
582 3957 637 4021 pro
659 3927 677 4023 ἡ
701 3928 893 4015 άνάςασις
914 3933 1111 4000 scribendum
1134 3932 1258 3998 videtur
1281 3927 1301 4019 ἡ
1321 3924 1417 3997 άπα-

284 4049 458 4133 νόςασις.
481 4051 564 4115 Nam
587 4047 741 4130 όνόςασις
762 4056 828 4128 est,
863 4050 967 4136 qualis
992 4047 1177 4113 describitur
1200 4070 1228 4114 v.
1247 4070 1273 4113 ο.
1291 4047 1360 4111 Lib.
1379 4046 1417 4112 Π

286 4191 351 4254 eap.
379 4171 421 4231 14
455 4171 531 4231 extr.
561 4157 802 4243 >suevigenam
834 4170 942 4230 eontra
972 4164 1114 4230 sollemni
1144 4186 1203 4228 usu
1230 4163 1346 4227 dieitur
1381 4161 1419 4225 de

285 4284 441 4359 exercitu,
461 4282 513 4364 qui
535 4301 569 4346 re
591 4280 705 4343 inlecta
728 4280 901 4345 abducitur.

331 4401 404 4484 (lap.
429 4401 469 4462 78
488 4397 557 4460 init.
569 4394 650 4480 lege:
675 4385 762 4475 ὁμὲν
782 4393 899 4468 Νικίας
920 4394 1084 4459 τοιαῦτα
1104 4379 1417 4480 παρακελευόμενος.
