3024 5264
724 460 764 518 65

335 616 425 690 ούτοι
440 617 654 709 προσελθοῦδ
670 617 783 715 ἦΔίκη
804 620 835 692 σ’
849 618 1083 713 ὠκύπτερος
1100 629 1163 696 κτὲ.

185 739 234 803 sed
256 740 352 824 ipsam
379 745 486 824 poetae
512 761 633 804 monum
661 745 692 804 ie
717 741 890 807 restituisse
915 743 1031 807 frustra
1055 742 1233 809 contendes.

226 853 416 926 Quamvero
439 853 562 918 sitista
584 853 696 919 lacuna
723 860 828 934 vetus,
863 860 987 944 apparet
1022 880 1060 923 ex
1087 857 1218 924 Stobaeo
1240 857 1308 931 Ecl,

184 968 273 1052 Phys.
297 969 331 1043 I,
354 972 390 1043 4,
414 971 474 1044 21,
496 992 525 1054 p.
551 972 634 1047 114,
657 969 711 1034 ubi
732 971 814 1037 idem
838 994 880 1037 νε.
904 973 950 1036 sio
974 973 1140 1039 scribitur:

378 1072 469 1146 ούτοι
485 1073 705 1169 προσελθοῦσ’
726 1077 746 1170 ἦ
765 1081 846 1170 Δίκη
869 1103 908 1148 σε
932 1079 1111 1172 [πώποτε]

225 1193 317 1266 Quod
346 1193 588 1260 additamentum
619 1218 681 1260 nou
712 1197 812 1284 magis
837 1200 1008 1284 genuinum
1031 1221 1097 1264 esse
1119 1220 1210 1282 quam
1229 1197 1310 1263 illud

184 1308 231 1372 vei
256 1309 330 1373 inde
350 1308 464 1394 liquet,
487 1311 569 1393 quod
594 1311 816 1378 Graeculorum
839 1335 923 1379 more
943 1303 1081 1378 πώποτε
1095 1335 1151 1399 pro
1167 1309 1249 1379 ποτέ
1265 1318 1312 1378 est

184 1421 364 1488 adhibitum.

228 1770 312 1835 stou.
339 1769 487 1848 LXVII,
509 1777 529 1835 8
552 1775 611 1836 τοῦ
631 1764 731 1838 αύτοῦ
753 1771 874 1857 (nempe
895 1763 1108 1861 Εύριπλδον)ι

388 1882 651 1972 οἰκοφθορεῖν
670 1877 732 1973 γὰρ
755 1875 858 1974 ἄνδρα
877 1875 995 1949 κωλύει
1013 1879 1090 1974 μονή

387 1989 485 2082 ἐσθλή
506 1993 787 2084 παραζευχθεῖσα,
810 1998 864 2060 καὶ
886 1985 986 2073 σώζει
1007 1985 1137 2079 δόμους.

186 2106 289 2194 Vulgo
309 2097 520 2196 οἰκοφθόρον,
541 2108 623 2193 quod
640 2109 809 2173 emendavi.

229 2557 316 2622 stob.
331 2557 536 2637 LXXXVII,
553 2566 572 2623 8
596 2552 792 2646 Εὐριπίδου·

336 2665 374 2739 Ἠ
393 2665 495 2760 φύσις
516 2663 621 2756 ὲκύςιρ
642 2671 711 2736 τοῦ
729 2667 866 2755 μένους
885 2668 972 2736 ἐστὶν
990 2671 1130 2758 πατρίς·

230 2784 333 2850 Verba
356 2787 433 2873 ipsis
456 2787 591 2853 tenebris
615 2787 802 2852 obscuriora.
828 2785 993 2871 Suspicor:

337 2891 358 2987 ἦ
379 2892 480 2986 φύσις
501 2894 605 2985 ἑκύςῳ
627 2895 695 2964 κού
716 2891 759 2965 τό
779 2895 892 2984 γένος
914 2895 980 2976 squ
1001 2897 1140 2987 πατρίς·

181 3014 205 3076 i.
233 3034 258 3076 e.
283 3012 409 3078 Ιοδολει
435 3016 544 3100 coique
569 3037 630 3079 ιιονι
651 3014 733 3096 orico
753 3032 811 3094 pro
836 3011 943 3094 patria
966 3018 1021 3075 est.
1040 3011 1132 3088 Noli,
1148 3011 1316 3097 aitpoeta,

182 3150 365 3213 quemquam
401 3129 569 3217 despicere,
599 3129 682 3214 quod
716 3132 807 3192 nctus
849 3126 892 3190 sit
926 3126 1112 3192 incivitate
1138 3127 1316 3192 obscuriore

183 3249 260 3321 ceo,
290 3223 359 3308 nam
382 3236 440 3310 ούκ
461 3238 526 3324 ε”ςιν
546 3234 656 3317 ούδεὶς
677 3234 949 3324 ἀποδεδειγμένος
970 3231 1090 3320 τύπος,
1118 3231 1154 3314 ὃς
1175 3234 1197 3328 ἢ
1217 3264 1316 3327 πονη-

183 3350 265 3446 ρούς
283 3348 405 3432 πάντας
428 3347 607 3445 ἢχρρςούς
629 3357 737 3435 ποιεῖ,
775 3356 828 3441 qui
868 3374 990 3429 versus,
1026 3354 1105 3419 mule
1127 3352 1315 3440 Epicharmo

182 3471 312 3549 tributi,
328 3493 345 3535 o
360 3471 491 3536 Siobaeo
507 3492 576 3534 oum
592 3469 661 3534 loco
677 3477 785 3535 nostro
802 3472 1036 3557 coniunguntur
1052 3471 1084 3533 iu
1109 3469 1196 3534 codd.
1219 3482 1254 3536 A
1265 3478 1314 3555 M,

231 3816 316 3882 Stob.
340 3815 466 3893 CXVL
491 3815 519 3880 6.

281 3921 320 3998 Ὦ
339 3934 455 4019 γῆρας,
478 3929 550 3997 οἵαν
570 3924 675 3998 ἐλπίδ’
694 3923 809 4019 ἡδονῆς
830 3925 934 4014 sigero,-

288 4041 340 4107 nui
361 4042 429 4118 πᾶς
449 4065 500 4119 τις
520 4041 567 4117 εἰς
589 4041 626 4107 σὲ
644 4034 797 4125 βούλετ’
821 4033 1033 4132 ἀνθρώπων
1052 4040 1181 4122 μολεῖν,

288 4147 396 4237 λαβεῖν
415 4156 451 4219 δε
472 4159 589 4243 πεῖραν
608 4153 820 4237 μεταμέλειαν
841 4145 1006 4238 λαμβάνει,

289 4257 334 4340 uic
356 4257 451 4332 ούδὲν
470 4265 518 4345 ἐςι
538 4271 646 4352 χεῖρον
667 4265 699 4332 ἐν
722 4268 828 4355 θνητῷ
849 4265 940 4352 γένει.

230 4381 428 4447 Goisfordius
460 4379 519 4444 hoc
557 4381 665 4466 fragm.
700 4404 797 4446 novae
832 4381 1004 4446 comoediae
1039 4383 1143 4463 poetae
1177 4375 1315 4440 tribuous

1147 4513 1160 4558 5
