3024 5264
734 468 774 526 63

226 635 322 701 Unam
335 636 453 704 literam
468 634 628 702 deleverim
641 637 673 702 in
683 638 979 726 Phriuisragmento
992 641 1072 727 apud
1085 640 1169 707 stob.
1183 640 1278 720 vlu,
1287 645 1304 708 7
1309 666 1314 706 :

341 741 433 836 Ἀνήρ
449 741 479 815 θ’
499 741 536 823 ὃς
557 740 636 815 εῖναι
652 742 738 840 φής,
760 743 903 840 οῖνέρος
920 743 987 818 οόκ
1002 745 1112 832 ἄξιον

341 853 448 927 δειλόν
463 861 632 948 κεκλῆσθαι
649 862 703 928 καὶ
717 867 822 929 νοσεῖν
838 856 971 951 αἰσχρόν
987 853 1089 930 νόσον.

234 975 317 1039 Ferri
334 975 442 1059 nequit
462 963 576 1060 όνερός
596 997 650 1061 pro
667 966 785 1063 οἷνθρός
806 978 839 1040 in
863 977 992 1042 senario.
1005 977 1204 1064 Lugendum:
1224 970 1315 1067 όνερ,

196 1203 252 1271 θαιΙ
278 1202 376 1265 uirum
403 1210 434 1265 ta
456 1225 521 1267 eme
541 1205 605 1278 ανί,
625 1208 669 1271 νεῖ
689 1207 752 1282 air,
774 1213 806 1270 te
832 1208 901 1272 noto
924 1209 1068 1291 ν’γνιοοανο
1092 1210 1196 1272 vocari
1215 1215 1271 1273 eet.

233 1546 316 1610 Stob.
336 1547 444 1624 CXX,
471 1552 509 1614 18
534 1539 611 1636 Εώρ.
637 1548 769 1637 Φρίξῳ·

339 1659 390 1734 τῖς
407 1651 436 1725 θ’
451 1652 536 1725 οῖθεν
554 1657 585 1726 εἰ
605 1660 658 1748 ζήν
677 1652 766 1728 τοῦθ’
782 1653 802 1727 ό
816 1659 962 1749 κέκληται
980 1665 1101 1743 θανεῖν,

339 1764 377 1837 τό
394 1770 451 1859 ζῆν
469 1771 507 1837 δὲ
524 1763 667 1861 θνήσκειν
686 1770 757 1852 ε’ςι;
780 1766 877 1860 πλήν
896 1765 1003 1854 ὅμως
1019 1775 1145 1861 βροτῶν

340 1885 486 1948 νοσοῦσιν
505 1882 538 1949 οἱ
557 1880 751 1965 βλέποντες,
775 1875 849 1949 οἶδ’
863 1876 1023 1960 arettas

340 1990 430 2058 οὐδὲν
445 1995 595 2061 νοσοῦσιν
612 1987 690 2061 ου’θὲ
704 1992 867 2082 κέκτηνιαι
881 1985 975 2060 κακά.

232 2107 389 2172 Venabula
419 2100 503 2196 πλήν
531 2101 620 2189 ὅμως
652 2110 837 2175 sententiam
870 2108 1014 2174 turbant:
1053 2106 1203 2174 inchoant
1232 2109 1313 2174 enim

189 2219 390 2288 abiectionem
413 2227 521 2313 eontra
535 2223 747 2309 praecedentia
768 2221 924 2306 σίς-ἐςι,·
947 2224 1077 2290 Dixerat
1099 2229 1200 2288 autem
1220 2225 1313 2291 Euri·

189 2340 287 2426 pides‚
322 2339 404 2422 quod
435 2338 512 2402 bene
540 2339 725 2416 tenendum,
763 2340 857 2404 vitam
880 2361 946 2404 esse
971 2328 1114 2427 θνήσκειν
1146 2340 1166 2402 i.
1197 2360 1221 2403 e.
1240 2361 1314 2424 per-

183 2463 326 2540 petuum,
358 2459 393 2518 nt
413 2455 457 2518 ita
476 2453 593 2529 dinam,
612 2455 765 2518 moriendi
784 2454 930 2531 datorem,
953 2476 1016 2519 non
1039 2456 1145 2518 θανεῖν
1161 2475 1186 2517 ε.
1203 2458 1314 2541 τεθνη-

186 2567 270 2634 κέναι
300 2569 320 2632 i.
358 2591 382 2633 e.
409 2569 507 2652 ι’μιονι
529 2577 660 2632 mortem.
695 2569 827 2634 Minima
859 2570 957 2657 igitur
999 2568 1079 2633 hane
1110 2566 1212 2631 thesin
1246 2569 1313 2655 ipse

186 2683 366 2768 impugnare
395 2683 498 2768 putuit
520 2683 668 2748 dicando:
687 2676 764 2757 τούς
785 2679 966 2764 βλέποντας
984 2687 1088 2747 νοσεῖν
1114 2683 1134 2745 i.
1162 2705 1186 2745 e.
1209 2705 1312 2765 οιγνο-

186 2807 253 2862 tare
276 2800 376 2872 οιόοε,
398 2797 647 2882 quandoquidem
674 2798 707 2862 id
730 2798 832 2883 ipsum
856 2801 1070 2882 argumentum
1094 2797 1170 2861 facit
1185 2819 1240 2882 pro
1263 2798 1312 2874 iis,

184 2935 261 2996 quae
293 2913 411 2998 posuit3
439 2935 501 2977 uon
532 2917 649 2977 neutra.
679 2913 828 2998 Suspicor
858 2918 958 2976 autem
982 2919 1088 2997 poetae
1112 2933 1233 2975 manum
1266 2913 1311 2975 sie

182 3050 273 3113 posse
296 3027 438 3107 restitui,
461 3029 488 3092 ai
511 3027 665 3115 legamus:

338 3139 389 3215 τῖς
404 3132 434 3206 θ’
451 3133 536 3206 otae
554 3137 584 3206 εἰ
597 3141 653 3229 ζῆν
669 3130 757 3206 τοῦθ’
773 3133 792 3205 ὂ
808 3136 953 3226 κέκλησαι
975 3141 1088 3218 θανεῖν,

338 3245 376 3317 τό
397 3251 454 3340 ζῆν
473 3249 511 3318 δὲ
529 3250 673 3340 θνήσκειν
689 3245 759 3334 ἐς’,·
781 3249 869 3317 ἐπεὶ
887 3243 1000 3334 μόνοι
1018 3250 1146 3338 βροτῶν

339 3365 487 3430 νοσοῦσιν
509 3363 542 3430 οἱ
559 3363 736 3445 βλέποντες
755 3363 818 3430 aaa.

229 3724 317 3790 Stob.
341 3725 423 3790 Flor.
444 3725 555 3790 LXVI
580 3729 610 3790 2.
633 3716 710 3812 Εόρ.
731 3722 975 3813 Χρυσίππῳ·

340 3828 473 3926 γνώμη
493 3830 623 3925 σοφός
641 3861 710 3922 μοι
729 3835 782 3900 καὶ
802 3827 870 3923 χέρ’
890 3827 1039 3923 ανθρεῖαν
1059 3827 1175 3916 ἔχειν·

340 3941 534 4037 δύσμορφος
554 3949 622 4037 εῖην
642 3948 764 4034 μᾶλλον
783 3940 803 4035 ἢ
822 3938 920 4021 καλός
939 3935 1043 4020 κακός.

228 4065 394 4150 Ingeniosa
406 4063 538 4127 Nauck:
551 4051 677 4148 γνώμης
696 4050 862 4147 σόφισμα,
882 4080 945 4143 qua
960 4058 1170 4124 emendatione
1185 4062 1315 4145 recepta,

183 4177 306 4244 scribo:
886 4176 888 4180 ’

340 4282 491 4378 γνώμης
512 4280 698 4378 σόφισμα
717 4287 770 4354 καὶ
791 4281 859 4377 χέρ’
878 4278 1026 4375 οἷνθρεῖαν
1047 4281 1143 4370 ἔχων

341 4398 533 4490 δύσμορφος
554 4401 616 4468 aaa.
