3024 5264
842 454 882 517 86

503 623 605 688 νοσῶν
624 616 652 687 τ’
672 617 751 714 οινὴρ
771 625 934 707 νοσοῦνιι,
956 625 1010 692 καὶ
1029 629 1217 718 δυσπραξίᾳ

503 733 648 824 ληφθεὶς
668 727 799 820 ἐπῳδός
820 735 889 804 ἐστι
908 737 962 821 τῷ
982 738 1222 828 πειρωμένῳ.

340 844 433 911 Nihil
456 847 631 912 evidentius
653 871 744 934 quam
766 848 877 917 horum
902 873 1044 918 versuum
1067 861 1222 921 auctorem
1238 854 1319 942 (eive
1334 856 1427 923 Euri·

295 960 392 1046 pides,
416 961 480 1027 sive
503 961 583 1028 alius
604 963 716 1052 fuerit)
740 966 919 1053 scripsisse:

810 1078 865 1145 καὶ
884 1078 1073 1167 δυσπραξίᾳ

502 1185 647 1273 ληφθεὶς
667 1181 798 1273 ἐπῳδός
817 1187 886 1257 ἔστι
906 1183 1228 1279 τοῖπορουμίνιγ,

340 1299 422 1365 Nam
435 1300 481 1366 sie
495 1300 617 1366 demum
638 1300 826 1390 δυσπραξίᾳ
847 1301 992 1391 ληφθείς
1010 1304 1135 1373 habebit
1147 1307 1229 1391 quod
1246 1308 1306 1372 sibi
1322 1309 1427 1375 eodem

297 1414 388 1480 modo
404 1415 587 1502 respondeat
609 1437 670 1500 quo
690 1409 793 1502 γέρων
812 1411 954 1503 γέροντι,
975 1421 1056 1496 παῖς
1074 1417 1172 1485 παιδί
1178 1471 1187 1501 ,
1210 1415 1286 1505 your*
1305 1421 1428 1506 γυναικὶ

295 1535 326 1593 et
348 1530 449 1593 νοσῶν
470 1527 623 1595 νοσοῦντι
1483 1523 1486 1528 ’

337 1967 422 2032 Plut.
445 1967 482 2033 de
503 1968 602 2033 fortit.
626 1971 668 2032 30
693 1989 722 2053 p.
747 1970 833 2050 117,
865 1979 905 2034 Α.
938 1961 1025 2057 πρός
1046 1961 1106 2044 οὓς
1126 1962 1297 2053 ὑποτυχών
1318 1961 1357 2036 ἔν
1377 1992 1428 2046 τις

296 2081 401 2147 atuor·

369 2256 372 2260 .
446 2184 530 2266 θεός
552 2190 589 2257 δέ
611 2212 665 2256 σοι
685 2181 765 2279 πῆμ’
782 2181 894 2271 οὐδέν,
917 2181 987 2255 ἀλλ’
1006 2181 1106 2265 uiuis
1127 2182 1168 2256 σί
1191 2212 1253 2259 σοι.

338 2307 514 2395 Wagnerus
543 2305 703 2371 doetrinae
730 2326 803 2369 suae
836 2305 1054 2390 praestantiam
1085 2307 1208 2395 egregie
1236 2306 1345 2393 probat
1366 2305 1426 2372 hae

293 2420 508 2493 adnotatione:
520 2422 672 2506 Euripidi
686 2443 805 2485 υσνιιιυι
821 2421 954 2484 tribuum
970 2443 1036 2485 ιιιπ
1047 2434 1175 2506 propter
1189 2423 1422 2507 ιίμιιιοίίιπιιιιι,

293 2545 358 2602 tam
374 2538 637 2624 μ’νσμίινισρυοδ
657 2558 766 2613 munes,
789 2536 845 2621 qai
866 2536 953 2619 apud
972 2535 1063 2601 Piae.
1080 2539 1289 2620 praecedunt,
1317 2561 1425 2614 υινιιιε

294 2655 461 2737 Euripidis
483 2660 564 2723 ner.

337 2771 425 2835 Inter
447 2772 601 2833 nostrates
624 2766 800 2854 philologos
824 2765 877 2831 vix
896 2787 1079 2851 quemquam
1090 2767 1284 2854 lugereputo
1300 2788 1423 2835 versum

291 2906 357 2948 esse
380 2883 605 2949 nobilissimum
630 2880 836 2968 Sophocleum
860 2903 898 2946 ex
920 2880 1042 2967 Oedipo
1065 2902 1156 2969 rege:

446 2996 577 3064 Κλέων
598 2995 635 3064 δέ
657 3016 711 3063 σοι
730 2991 811 3083 πῆμ’
830 2985 933 3075 οὐδέν,
956 2990 1023 3057 ἀλλ’
1042 2986 1142 3068 αὐτός
1163 2985 1205 3059 σύ
1224 3015 1285 3060 σοι.

337 3111 441 3176 Multo
464 3112 682 3198 magiamiror
702 3111 735 3174 in
760 3108 892 3174 similem
916 3127 1048 3173 errorem
1063 3107 1212 3173 inuidisse
1230 3108 1424 3188 Nauekium,

285 3228 367 3290 iuter
389 3229 537 3310 οδιιμοίι
561 3227 654 3311 (224)
672 3226 853 3290 referentem
865 3244 981 3302 versus,
1002 3243 1080 3307 quos
1096 3224 1231 3288 servavit
1246 3224 1312 3289 Ισδ.
1328 3226 1422 3291 Dum.

292 3345 362 3427 post
393 3339 479 3406 stob.
503 3340 569 3405 nel.
593 3363 621 3427 p.
645 3343 727 3419 717,
751 3343 811 3404 28:

396 3445 454 3519 oria
475 3443 512 3518 εὖ
533 3452 638 3539 λέγειν
654 3445 716 3541 χρὴ
737 3446 797 3539 μὴ’
817 3449 862 3516 πὶ
883 3455 969 3525 τοῖς
989 3444 1120 3538 ἔργοις
1142 3449 1299 3532 καλοῖς,

394 3557 434 3632 ου’
453 3559 515 3653 γοὶρ
536 3558 631 3631 καλόν
650 3554 720 3630 πόδ’
740 3555 823 3629 oillei
843 3562 884 3651 τῇ
903 3562 977 3650 δικῇ
996 3557 1092 3650 βαρύ.

290 3679 454 3766 Leguntur
473 3679 553 3745 enim
570 3678 700 3745 totidem
716 3676 876 3743 vocabulis
887 3676 970 3763 apud
981 3676 1089 3762 Eurip.
1100 3673 1205 3741 Phoen
1218 3697 1262 3740 vs.
1275 3679 1338 3742 526
1349 3725 1358 3757 ,
1371 3682 1424 3746 2⁷.

291 3794 390 3859 Recte
412 3795 567 3882 perspexit
598 3816 642 3859 vs.
666 3797 684 3859 1
709 3798 873 3880 ooruptum
896 3814 979 3870 esse,
1009 3790 1089 3856 male
1110 3797 1211 3856 ίσυιιιι
1234 3793 1423 3861 eoniioiens:

293 3908 331 3972 εί
348 3932 386 3974 τι
406 3911 477 3973 τῶν
497 3903 621 3996 ἔργων
641 3896 769 3973 καλόν.
791 3908 895 3974 Multo
920 3908 1002 3972 euim
1025 3905 1125 3972 lenius
1151 3908 1266 3994 possis:
1287 3900 1338 3996 μή
1359 3932 1423 3973 κοι-

291 4018 374 4094 tore
395 4015 525 4109 ἔργοις
547 4013 624 4086 ἔπι.
658 4021 797 4110 Vulgata
826 4023 921 4088 lectio
942 4044 980 4086 ex
1001 4022 1273 4108 interpretamento
1295 4024 1423 4088 fluxisse

291 4132 421 4198 videtur.
445 4134 499 4198 Vs.
524 4139 543 4198 7
567 4158 623 4222 pro
646 4129 733 4223 βαρδ
755 4138 834 4224 apud
862 4138 969 4224 Eurip.
992 4135 1109 4224 legitur
1130 4127 1255 4224 πικρόν.
