3024 5264
828 462 889 522 114

286 628 405 694 librarii
431 615 568 715 σφάλμα
587 649 653 691 esse
677 651 759 694 nune
783 642 872 718 puto,
910 656 966 700 neo
988 634 1061 701 inde
1092 636 1244 722 suspicari
1271 635 1414 701 debebam

287 742 434 830 Sophoeli
458 739 647 806 reddendum
670 766 737 808 esse
759 752 972 833 πορφυροῦς,
1006 772 1067 835 quo
1093 750 1231 836 epitheto
1262 751 1415 816 Homerus

284 850 342 922 τδν
361 845 503 920 θάνατον
522 877 630 921 ornare
647 857 734 924 solet.
763 864 933 948 Aptissime
952 867 1116 930 conterunt
1135 864 1276 951 Thuepd.
1295 866 1347 930 H:
1370 869 1414 930 49

285 991 327 1032 τα
348 987 435 1039 εντος
455 988 559 1041 ουτως
579 961 718 1036 ἐκάετο
740 972 802 1039 nri.

331 1078 387 1146 Vs.
413 1081 493 1143 105:
517 1073 616 1159 ἔξοιδ’
637 1074 780 1148 άκοάων·
803 1078 842 1152 οδ
862 1082 923 1175 γάρ
945 1087 1084 1155 εἰσεῖδον
1099 1086 1135 1175 γέ
1152 1114 1223 1155 πω.
1257 1089 1415 1155 Partieuia

287 1215 340 1256 rrae
362 1194 399 1256 de
422 1194 499 1256 Laio
523 1193 638 1258 dudum
663 1205 783 1262 mortuo
805 1200 935 1265 absurda
964 1207 1019 1266 est.
1049 1202 1243 1268 Praestiterit
1270 1209 1352 1269 certe
1378 1202 1415 1290 γὲ

286 1330 372 1390 που,
407 1313 443 1372 ut
475 1313 522 1372 est
554 1310 587 1372 in
623 1311 726 1376 eodem
757 1313 864 1378 codiee
897 1317 1118 1393 Ambrosian03
1149 1318 1202 1383 sed
1236 1320 1340 1384 neseio
1375 1343 1412 1384 an

288 1445 349 1486 non
373 1421 483 1486 melius
505 1422 658 1491 scribatur
683 1423 719 1511 γε’
741 1450 795 1493 νιν.

330 1537 385 1602 Vs.
411 1540 490 1602 117:
512 1529 655 1604 κατεῖδ
675 1541 759 1628 Lege
779 1529 935 1608 κάτοιδ’.

330 1647 398 1718 νο.
412 1653 491 1715 120:
636 1650 670 1720 ἓν
690 1648 751 1741 γάρ
773 1645 868 1720 πάλλ’
888 1645 927 1718 iia
947 1642 1072 1740 ἐξεύροι
1091 1655 1243 1734 μαθεῖν,

490 1756 591 1852 άρχήν
610 1770 766 1854 βραχεῖαν
786 1763 816 1830 εἰ
836 1756 1026 1847 λάβοιμεν
1046 1762 1187 1839 ἐλπίδος.

285 1878 442 1943 Fortasse:
464 1912 508 1926 -—
530 1873 686 1960 μαθων,
708 1914 747 1924 -
767 1869 885 1958 λάβοι
906 1900 966 1953 τις
998 1877 1061 1954 vel,
1091 1884 1211 1942 servato
1239 1867 1412 1960 λάβοιμεν,

284 1992 477 2057 scribendum
501 1989 633 2077 ἐξαρκοῖ
654 2014 708 2079 pro
732 1982 872 2077 ἐξεύροι,
896 1999 931 2057 ut
954 2015 1061 2057 sensus
1081 1993 1139 2057 sit:
1162 2014 1256 2056 τουτο
1278 1993 1413 2078 sufficiat

285 2109 328 2172 αδ
354 2108 454 2171 παιδία
478 2110 687 2189 οοφποιοειιδιι.

329 2219 385 2287 Vs.
411 2222 488 2287 140:
511 2213 585 2305 κάμ’
605 2215 644 2287 άν
664 2214 796 2310 τοιαάτρ
817 2218 902 2308 χειρί
922 2223 1113 2307 τιμωρεῖν
1133 2220 1238 2288 θέλοι.
1269 2219 1412 2286 Fortasse

283 2331 508 2423 πημαίνειν.

328 2446 385 2512 Vs.
409 2447 493 2514 aot:
516 2436 598 2513 κάπί
617 2435 727 2511 πάντ’
746 2435 917 2533 ἀφίξομαι.
938 2445 1079 2534 Legatur
1099 2447 1175 2513 πᾶν.

328 2560 385 2629 Vs.
409 2563 492 2628 371:
697 2556 750 2624 σοί
772 2554 809 2623 δὲ
830 2555 915 2623 τοῦτ’
936 2551 993 2624 oria
1015 2551 1070 2642 ὅς’,
1092 2556 1166 2625 ἐπεὶ

406 2666 533 2763 τυφλδς
553 2662 598 2737 τά
618 2663 646 2734 τ’
665 2658 747 2734 ὦτα
766 2659 879 2736 τόντε
900 2672 972 2735 roim
991 2660 1033 2735 τά
1053 2667 1080 2734 τ’
1103 2659 1221 2751 ὄμματ’
1242 2662 1280 2733 εἰ.

284 2788 444 2854 Vitiosum
467 2809 533 2853 esse
554 2775 596 2848 τά
616 2773 644 2847 τ’
664 2772 734 2846 ὦτα
753 2783 851 2868 liquet
868 2791 933 2850 tum
958 2807 974 2849 e
996 2806 1174 2871 praegresso
1196 2769 1323 2869 τυφλός
1344 2785 1410 2844 tum

284 2905 436 2991 imprimis
459 2926 476 2969 e
503 2902 641 2968 Tiresiae
665 2921 819 2986 responso.
847 2900 931 2973 Quid
955 2899 1162 2986 reponendum
1184 2897 1242 2975 sit,
1264 2899 1413 2979 quaerant

285 3021 349 3087 aiii.

328 3135 386 3202 Vs.
420 3135 498 3197 403:
532 3121 653 3194 παδαλν
678 3123 776 3214 ἔγνως
805 3119 845 3194 άν
871 3121 935 3195 οἷά
962 3150 1036 3215 περ
1064 3128 1235 3215 φρονεῖς.
1270 3123 1413 3190 Fortasse

285 3241 332 3316 οῖ
351 3240 631 3332 ὑπερφρονεῖς.

329 3361 386 3428 Vs.
409 3359 494 3424 413:
517 3358 618 3442 Lege:
642 3350 694 3416 καὶ
716 3343 879 3438 δεδορκιδς
900 3342 939 3417 ου’
959 3348 1094 3432 βλέπεις
1117 3371 1185 3415 eum
1210 3348 1381 3414 Brunekio.
1500 3423 1504 3439 Ι

328 3477 387 3543 Vs.
411 3475 493 3539 523:
516 3473 577 3536 Pro
598 3456 670 3548 τάχ’
689 3459 728 3530 tv
746 3465 814 3553 lege
835 3451 927 3547 τάχα.

328 3592 385 3659 Vs.
409 3593 490 3654 525:
517 3584 593 3650 Τοῦ
621 3574 724 3671 πρδς
750 3570 779 3646 δ’
799 3567 950 3666 spirim
972 3575 1081 3640 Malim
1117 3567 1219 3663 πρὸς
1247 3573 1318 3640 τοῦ
1348 3570 1412 3638 uri.

285 3709 370 3774 Nam
392 3705 514 3789 requiro
537 3697 706 3783 exemplum
730 3714 831 3780 praep.
862 3680 948 3774 πρδς
969 3689 1135 3777 postpositi
1166 3687 1310 3774 regimini
1345 3708 1413 3750 sao.

329 3821 387 3888 Vs.
410 3821 490 3885 587:
514 3812 682 3900 ἱμείρων
702 3802 792 3896 ἔφυν.
814 3808 915 3871 Immo
935 3802 1105 3890 ἱμείρειν
1127 3795 1219 3888 ἔφυν.

331 3936 387 4003 Vs.
410 3935 492 4000 623:
515 3924 643 4017 ἥκιςα.
675 3911 841 4010 Θνήσκειν,
866 3911 911 3985 οδ
932 3920 1047 4004 φυγεῖν
1066 3934 1108 3978 σε
1128 3904 1296 3995 βούλομαι.
1329 3909 1411 3978 Cum

288 4055 336 4120 his
360 4050 471 4135 Oedipi
498 4043 598 4110 verbis
618 4043 719 4124 aperte
741 4040 883 4121 pugnant
907 4053 957 4108 ea,
991 4051 1068 4113 quae
1091 4049 1164 4090 mox
1198 4023 1299 4092 Creon
1333 4028 1412 4092 dicit

726 4138 742 4162 t!

286 4174 426 4237 locastae
452 4188 495 4227 vs.
518 4162 583 4226 639
608 4176 689 4238 sqq-2
742 4167 860 4228 μαιμὸ,
894 4134 982 4208 terve}
1010 4133 1043 4223 μ’
1064 4138 1223 4214 Οἰδίπους
1244 4175 1282 4186 ··
1302 4131 1323 4225 ἢ
1344 4140 1413 4226 γῆς

287 4278 445 4351 άπαῖοαι
474 4268 675 4358 πατρίδος
706 4254 896 4348 ἢκτεῖναι
922 4243 1062 4336 λαβών.
1085 4256 1135 4317 An
1158 4252 1256 4339 igitur
1280 4273 1321 4316 vs.
1346 4251 1411 4318 623

288 4399 364 4466 Ood.
388 4394 525 4459 dixerat:
545 4375 634 4471 ἢτοι
654 4399 698 4443 σε
720 4365 868 4461 θνήσκειν
889 4359 910 4455 ἢ
932 4373 1047 4456 φυγεῖν
1065 4368 1158 4454 γοῦν
1187 4356 1368 4448 βοάλομαιΡ
