3024 5264
735 470 775 530 36

191 645 252 707 ΣΤ
249 646 306 709 ΕΓ
302 647 427 709 Amor
448 643 625 727 corruptum
650 663 714 706 esse
737 663 842 706 snmus
866 641 1024 727 suspicati,
1055 640 1168 705 Vetto:
1191 642 1323 706 tacitur-

189 756 276 819 πίίσι
305 777 484 820 arcanorum
514 777 640 821 εεννσνιι
671 759 764 822 decue
797 764 844 820 eet
876 757 940 820 νῖνί
969 759 1097 821 bonesti.
1124 757 1176 821 Ita
1199 756 1321 822 demum

189 870 360 935 rectissime
375 870 557 957 opponitur:
577 863 616 937 mi
637 863 668 936 δ’
687 868 876 936 ἕκλαλοῦν
893 862 991 934 τοῦθ’
1009 867 1072 936 xri.

232 1213 317 1280 Stob.
341 1215 454 1295 LXX,
478 1219 519 1282 10
544 1239 582 1281 ex
605 1213 668 1280 ead,
690 1214 749 1280 fab.

650 1327 734 1393 πᾶσι
756 1318 786 1393 δ’
804 1319 945 1415 οἷγγέλλιι
965 1331 1099 1417 βροτοῖς

339 1436 469 1505 ἐσθλῶν
488 1430 545 1505 ἀπ’
561 1433 711 1526 ἀνδροῖν
730 1429 841 1526 εὐγενῆ
860 1438 1009 1528 σπείρειν
1027 1438 1130 1506 τέκνα.

231 1552 421 1639 Corruptum
436 1575 501 1617 esee
520 1544 647 1641 οἷνδροῖν
658 1550 879 1618 intellexerunt
898 1554 1077 1618 Meinekius
1089 1558 1120 1618 et
1136 1552 1320 1630 Neuckius‚

186 1688 315 1752 quorum
326 1666 382 1731 ille
402 1665 518 1755 ἀρχῶν,
538 1664 591 1731 hie
614 1657 739 1755 οἷμφοῖν
758 1668 908 1747 coniecit,
924 1690 1054 1754 quarum
1071 1668 1320 1733 coniecturarum

186 1787 296 1847 neutra
314 1781 388 1847 mihi
404 1781 514 1869 placet.
542 1782 714 1880 Nauelrius¹
737 1783 867 1848 conferri
898 1784 986 1850 iubet
1005 1785 1042 1849 fr.
1064 1784 1171 1870 Eurip.
1196 1785 1274 1861 524,
1297 1783 1319 1848 3

186 1903 218 1960 et
253 1895 447 1964 Theodectee
468 1898 505 1962 fr.
528 1900 565 1975 3,
610 1918 672 1962 non
719 1904 879 1986 reputans,
925 1904 1046 1987 recepte
1075 1901 1136 1965 ista
1169 1899 1320 1975 lectione,

186 2010 279 2076 simul
296 2010 444 2100 σπείρειν
464 2012 498 2076 in
522 2014 620 2101 φῦναι
642 2014 905 2080 essemntendum
929 2013 1012 2080 Mihi
1029 2015 1161 2080 venitin
1178 2019 1319 2091 mentem,

189 2147 228 2190 an
251 2127 331 2193 forte
353 2137 443 2213 poeta
467 2127 599 2193 dederit:
629 2151 632 2156 ·

339 2239 469 2306 ἐσθλῶν
487 2233 545 2307 ἀπ’
566 2231 715 2309 οίλὸκων
736 2238 845 2331 εὐγενῆ
865 2240 1022 2331 σπείρειν
1041 2241 1143 2309 τέκνα.

190 2352 305 2420 collato
328 2377 371 2420 vs.
390 2355 553 2420 notissimo
575 2378 592 2421 e
610 2355 804 2422 Phoenissis:

390 2462 435 2557 μή
458 2472 575 2558 σπεῖρε
594 2468 710 2536 τέκνων
730 2460 832 2537 diona
852 2458 1012 2554 δαιμόνων
1032 2467 1100 2555 βίᾳ.

229 2744 315 2811 Stob.
346 2743 477 2824 CVIII,
510 2750 530 2812 3
554 2739 632 2835 Ειίρ.
652 2739 847 2836 Ἀντιόπῃ·

339 2850 398 2947 Μή
418 2849 472 2924 νίν
491 2881 527 2946 γε
549 2851 646 2925 λείπει
665 2850 785 2925 σοιιπὸν
804 2853 935 2938 ἐξειδολς
956 2852 1007 2926 ὅτι

338 2970 473 3046 πολλοῖς
492 2967 532 3038 τό
552 2971 675 3038 λυποῦν
696 2964 815 3058 ὕςερον
834 2964 936 3059 χαροὶν
954 2962 1040 3056 ἄγει,

338 3081 392 3146 καί
411 3074 450 3148 vd
472 3075 568 3148 κακόν
587 3075 718 3167 οἷγσιθοῦ
739 3080 878 3168 γίγνεται
898 3080 1080 3170 παραίτιον.

230 3195 276 3260 Vs
317 3199 334 3258 l
365 3216 420 3280 pro
449 3189 494 3280 μή
518 3183 575 3258 οὖν
596 3191 678 3260 θέλε
706 3194 820 3260 λυπεῖν
849 3196 975 3282 scripsi:
997 3184 1042 3282 μή
1072 3184 1125 3258 νύν
1144 3214 1181 3278 γε
1203 3185 1316 3276 λύπει;

186 3309 297 3374 deinde
308 3301 440 3388 ἐξειδοίς
450 3312 481 3372 et
492 3304 628 3381 πολλοῖς
637 3330 694 3394 pro
706 3299 803 3382 sidric
813 3312 844 3374 et
858 3299 1013 3384 πολλάκις
1036 3330 1104 3373 eum
1129 3308 1317 3373 Hermanno.

186 3426 328 3490 Ceterum
351 3424 466 3488 rectius
490 3423 661 3489 Menandro
683 3446 775 3510 quem
804 3422 948 3511 Euripidi
976 3424 1059 3489 hune
1081 3423 1183 3489 locum
1218 3422 1316 3489 tribui

186 3542 295 3607 merito
330 3539 481 3625 suspicati
509 3543 582 3604 sunt
606 3539 767 3606 Dobraeus
790 3545 821 3606 et
847 3540 1012 3606 Nanckius
1035 3540 1083 3625 (fr.
1108 3539 1195 3625 174).
1328 3529 1331 3534 ’

230 3862 316 3927 Stob.
355 3859 472 3940 LXII,
512 3863 553 3926 12
578 3853 655 3951 Εὕρ.
679 3852 861 3949 Ἀνιιόπγ·

391 4025 399 4040 .
444 4025 452 4041 .
496 3968 534 4041 mi
556 3975 671 4041 δοῦλον
694 3970 751 4057 οὐχ
772 3965 851 4060 ὁρᾶς
873 3965 950 4039 ὅσον
969 3961 1084 4053 κακόν,·

185 4087 415 4176 Suppleverim:
437 4085 541 4176 [ἐπεὶ]
561 4080 599 4153 nd
620 4076 878 4152 δοῦλον-κακόν.

229 4203 471 4273 Οοπὶσιιολίοοὶε
488 4200 575 4281 ἐπεί,
599 4223 676 4285 quae
690 4200 781 4265 facile
804 4198 901 4264 cauda
923 4197 1058 4261 nominis
1080 4194 1213 4281 proprii,
1232 4193 1314 4279 qnod

185 4320 358 4406 praecedit,
382 4316 534 4382 absorberi
557 4317 708 4402 potuerit,
732 4338 823 4380 usum
843 4315 875 4379 in
895 4311 1054 4400 rogatione
1070 4332 1158 4376 nemo
1181 4310 1315 4396 ignorat.

675 4519 825 4541 Ψ
