3024 5264
650 452 796 519 41'

303 625 397 710 τιμᾶν
418 616 616 691 Μακεδόνων
639 617 749 692 εἵνεκ’
770 618 1040 713 εὐανδριγσίας.

102 763 169 807 non
185 741 290 819 aliam,
306 739 412 818 oredo,
427 738 466 803 ob
483 760 622 815 oausam,
638 762 728 824 quam
748 741 822 824 qnia
838 739 874 804 fit
892 741 1098 806 Macedonum
1113 743 1237 807 mentio.

102 857 189 921 Utut
210 860 270 934 est,
292 875 391 939 neque
413 853 579 938 Euripides
595 875 693 940 neque
709 853 788 919 alius
803 858 892 941 poeta
907 856 1034 921 Atticus
1049 857 1083 921 in
1099 855 1236 923 diverbio

103 970 240 1036 seribere
260 968 363 1056 potuit
386 965 504 1046 εἵνεκα,
534 972 565 1033 et
588 958 783 1056 εδανδρησία
806 970 959 1036 neminem
985 993 1118 1057 unquam
1142 972 1238 1038 Grae·

104 1106 214 1150 oorum
236 1084 353 1149 dixisse
381 1082 521 1148 arbitror.
545 1082 693 1168 Suspicor
716 1081 791 1147 olim
813 1083 928 1150 laetum
950 1085 1058 1151 inisse:

280 1229 322 1245 ·-
342 1196 452 1279 τιμᾶν,
475 1185 673 1263 Μακεδόνων
693 1195 784 1261 ἕνεκα
803 1197 862 1286 τῆς
882 1189 1062 1287 εὐανδρίας.

107 1311 250 1413 Fortasse
271 1300 485 1398 εδανδρησίας
506 1310 656 1398 originem
680 1306 771 1374 debet
795 1309 973 1377 huiusmodi
996 1310 1126 1377 lectioni
1148 1309 1239 1378 ἕνεκα

184 1421 203 1459 ‘I'

105 1423 286 1571 εδανδίιίας,
299 1485 509 1572 suprascripto
521 1484 654 1552 artioulo
667 1486 836 1566 a'librario,
861 1508 950 1573 quem
966 1506 1066 1552 errore
1082 1485 1237 1551 arriserat.

152 1788 228 1853 Non
250 1788 377 1876 expedio
412 1813 553 1870 versum,
581 1813 670 1876 quem
702 1792 827 1859 Stobuei
863 1791 960 1858 oodex
986 1790 1238 1857 vindobonensia

107 1903 245 1982 XLIII,
276 1908 318 1970 12
341 1906 434 1971 refert
469 1906 506 1971 ad
539 1906 700 1994 Euripidis
722 1913 854 1992 Aspen:

305 2011 392 2108 δεινὴ
413 2011 529 2095 πόλις
550 2013 683 2087 νοσοῦσ’
704 2016 913 2110 ἀνευρίσκειν
933 2009 1042 2100 κακοί,

107 2129 171 2194 nisi
185 2130 265 2194 forte
285 2120 482 2216 ἀνευρίσκειν
500 2124 580 2199 κακοί
600 2134 772 2221 significat:
799 2135 884 2200 ινισία
905 2134 1077 2218 εαοορίίσνε
1099 2132 1240 2197 consitio.

108 2243 239 2316 Quoties
262 2250 363 2309 tamen
387 2243 440 2309 hio
464 2268 568 2312 versus
592 2247 669 2313 mihi
698 2249 838 2314 venitin
870 2254 1021 2327 mentem,
1050 2247 1156 2312 nesoio
1178 2267 1240 2332 quo

108 2381 181 2425 oasn
205 2361 337 2438 aooidit,
359 2365 395 2425 ut
418 2383 535 2448 semper
559 2364 725 2451 cogitando
746 2386 906 2450 reponam:

305 2468 390 2560 δεινὴ
413 2465 532 2562 φύσις
553 2477 722 2543 νοσοῦσιν
743 2471 901 2566 εὑρίσκειν
922 2468 1003 2564 δίκη.

152 2697 238 2764 stab.
261 2698 391 2777 XLIX,
414 2701 434 2766 3
459 2722 497 2765 ex
520 2700 624 2767 eadem
648 2701 766 2768 fabula:

262 2813 367 2888 κακῶς
388 2803 418 2879 δ’
437 2804 563 2881 ὄλοιντο
584 2807 718 2898 πάντες,
740 2809 774 2883 o‘i
794 2813 958 2905 τυραννίδι

262 2922 431 3013 χαίρουσιν
450 2917 580 3011 οίυόμῳ
600 2922 628 2990 τ’
647 2925 679 2993 ἐν
699 2922 793 2993 πόλει
814 2924 990 3014 μοναρχίᾳ·

262 3028 477 3125 τούλεύθερον
497 3029 558 3125 γοὶρ
580 3028 682 3120 ὄνομα
703 3033 825 3113 παντὸς
846 3030 951 3120 tara,

261 3139 319 3213 κίίν
340 3140 449 3236 σμίκρ’
468 3143 526 3236 ἔχῃ
547 3171 611 3231 τις,
632 3141 744 3236 μεγάλ’
766 3144 850 3233 ἔχειν
871 3147 1043 3232 νομίζεται.

152 3259 206 3324 Vs.
236 3263 255 3324 3
288 3259 384 3349 vulgo
423 3262 573 3328 soribitur
601 3261 769 3350 χαίρουσιν
790 3254 905 3352 ὀλίγῃ
925 3259 997 3348 nri,
1020 3260 1103 3349 quod
1125 3261 1242 3328 frustra

107 3363 295 3462 ὀλιγαρχίαν
321 3377 498 3464 significare
520 3377 728 3457 contendunt,
762 3373 866 3442 ouius
881 3378 1043 3467 regiminis
1072 3399 1112 3443 ne
1141 3378 1241 3465 ipsius

108 3485 235 3571 quidem
258 3492 445 3557 mentionem
472 3492 524 3559 hio
546 3493 620 3559 ferri
643 3516 732 3580 posse
754 3494 894 3560 arbitror.
928 3494 1066 3582 Reposui
1085 3492 1136 3573 id,
1158 3491 1242 3580 quod

109 3605 265 3670 sententia
290 3608 445 3692 requirere
460 3609 630 3674 videbatur.

154 3718 349 3809 Intelligitur
390 3725 472 3790 enim
506 3723 704 3804 monarchia,
735 3724 859 3811 qualem
900 3723 1049 3790 deseribit
1082 3721 1174 3790 Plato
1208 3723 1243 3789 in

109 3834 247 3902 Politioo
267 3861 297 3925 p.
321 3843 385 3904 302
409 3845 459 3904 E:
479 3837 675 3925 μοναρχία
694 3837 800 3906 τοίνυν
817 3839 996 3923 ζευχθεῖσα
1008 3836 1067 3922 μὲν
1086 3835 1119 3904 ἐν
1139 3827 1244 3927 γροίμ-

108 3968 209 4031 μασιν
233 3943 385 4040 οίγαθοῖς,
424 3947 482 4029 οὓς
511 3943 630 4037 νόμους
660 3949 805 4036 λὲγομεν,
845 3947 942 4040 υίρίςη
972 3950 1088 4017 πασῶν
1116 3951 1181 4016 τῶν
1207 3945 1243 4029 ἓξ

108 4060 320 4150 (πολιτειῶνγ
351 4058 497 4150 ἄνομος
528 4063 566 4131 δὲ
600 4057 726 4153 χαλεπή
759 4062 814 4129 καὶ
848 4057 1014 4154 βαρυτάτη
1049 4062 1243 4152 ξυνσαιῆσαι.

110 4184 181 4248 Neo
212 4189 313 4249 tamen
345 4182 475 4249 absurde
503 4181 676 4268 scripseris:

657 4292 692 4366 δι’
711 4294 875 4387 τυραννίδι

288 4411 438 4501 χαίρουσι
459 4412 610 4500 χαλεπῇ
628 4404 657 4476 ε’
677 4409 710 4477 ἐν
730 4400 826 4478 πόλει
846 4405 1015 4497 μοναρχίᾳ.
