3024 5264
837 471 879 532 42

293 638 426 703 Bothius
450 640 585 703 coniecit
608 631 696 726 δίδη.
720 641 796 706 Erat
818 665 959 728 qnoque,
981 663 1075 726 quum
1098 660 1154 724 pro
1176 645 1286 706 ΟΛΙΓ
1283 643 1339 703 HI
1359 639 1423 702 Εσ-

293 754 387 839 ripidi
418 756 541 818 OMHI
565 755 585 817 i.
616 776 641 817 e.
671 743 744 842 ω’μῇ
773 757 962 823 reddendum
1000 778 1065 820 esse
1097 758 1251 839 putarem,
1280 756 1312 815 et
1338 773 1423 816 nnnc

295 889 437 954 quoque,
459 870 541 933 sitne
569 866 629 933 hoc
652 891 690 933 an
713 859 823 954 ύνύμῳ
846 871 1098 960 praeferendum,
1122 868 1235 934 dubius
1257 865 1376 932 haereo.

782 1080 933 1093 ————

293 1213 378 1279 Stob.
400 1214 482 1280 Fica.
505 1215 573 1293 111,
599 1219 626 1279 1.
650 1211 830 1304 Εὐριπίδου
853 1208 984 1304 Αύχῆς
1008 1215 1087 1298 (cod.
1106 1216 1232 1301 Vind.):

446 1322 569 1416 πτηνσὶς
590 1318 733 1408 διώκεις,
756 1317 925 1408 dicimos,
948 1323 1008 1404 τοῖς
1029 1327 1163 1402 ἐλπίδας

448 1433 507 1524 ούχ
528 1433 548 1528 η
567 1430 662 1529 τύχη
689 1461 744 1525 χε·
764 1441 821 1527 τῆς
841 1430 939 1528 τύχης
959 1433 989 1506 δ’
1011 1432 1069 1524 ούχ
1092 1432 1140 1515 εἷς
1161 1428 1295 1527 τρύπσς.

339 1553 409 1617 Viri
444 1553 529 1618 docti
575 1559 719 1639 corrupta
754 1575 822 1618 csse
857 1554 995 1619 videntes
1034 1553 1191 1621 vocabula
1216 1543 1274 1633 σύχ
1304 1540 1424 1638 ἦτύχη

294 1689 330 1753 χε
342 1666 420 1732 alius
440 1667 523 1732 aliud
537 1669 743 1733 coniecerunt.
769 1668 902 1733 Bothias
916 1671 975 1734 ci:
999 1660 1057 1750 ούχ
1080 1660 1100 1755 ᾖ
1122 1656 1244 1754 τσχὴση
1266 1671 1321 1738 (sc.
1339 1677 1419 1742 τις),

295 1782 377 1868 quod
394 1782 441 1848 vel
464 1784 591 1870 vulgata
605 1783 741 1848 lectione
764 1783 887 1848 videtur
917 1807 983 1849 esse
1014 1783 1198 1866 corruptius.
1222 1780 1291 1844 Nec
1321 1780 1425 1866 placet

293 1897 368 1961 mihi
385 1899 508 1984 quidem
532 1898 703 1962 Hermanni
720 1899 856 1984 suspicio
877 1894 944 1980 ἔχει
962 1888 1052 1984 τύχη
1068 1915 1121 1977 σε,·
1138 1894 1310 1962 Ahrensius
1322 1894 1424 1963 edidit

294 2003 353 2093 σύχ
385 2002 404 2098 ἦ
430 2002 511 2098 τύχη
543 2032 581 2076 σε
614 2012 695 2096 (scil.
728 2000 860 2095 διώκει),
895 2011 978 2097 quod
1010 2011 1141 2095 speciem
1172 2008 1282 2074 habere
1309 2011 1425 2096 possit,

295 2146 397 2189 vorum
421 2130 522 2191 tamen
546 2134 687 2194 nonest.
712 2127 892 2193 Meinekins
916 2133 985 2212 post
1007 2123 1143 2200 ἐλπίδας
1162 2124 1305 2190 nonnihil
1328 2127 1425 2190 inter·

295 2239 408 2304 cidisse
433 2242 562 2308 statuit:
590 2243 808 2328 probabiliter,
832 2241 980 2307 Nauckio
1009 2241 1122 2305 iudice.
1143 2244 1187 2306 At
1213 2241 1338 2305 lacunas
1373 2261 1424 2305 su-

296 2355 407 2440 spicari
430 2362 476 2419 est
503 2379 591 2421 sacra
613 2358 759 2444 quaedem
783 2357 932 2434 anchora,
955 2378 1014 2442 qua
1038 2378 1100 2420 non
1124 2356 1182 2421 nisi
1207 2356 1365 2442 desperata
1391 2357 1424 2420 in

295 2492 327 2533 re
354 2471 501 2536 utendum
528 2495 593 2538 esse
619 2474 734 2539 indico.
758 2474 859 2560 Fingo
883 2472 958 2537 mihi
972 2472 1049 2536 dnos
1065 2471 1310 2546 interlocutores,
1323 2493 1424 2535 senem

296 2589 327 2649 et
350 2586 506 2666 iuvenem,
531 2609 662 2673 quorum
697 2587 748 2652 hic
784 2588 847 2673 (vel
875 2587 983 2672 haec),
1007 2588 1146 2671 quamvis
1176 2587 1300 2650 fortuna
1334 2591 1424 2651 utens

297 2699 441 2778 adversa,
466 2724 519 2787 spe
540 2703 662 2768 futurae
685 2703 896 2788 prosperitatis
927 2703 1062 2766 animum
1093 2723 1181 2768 suum
1199 2740 1202 2745 >
1219 2722 1342 2786 pascere
1363 2722 1425 2765 non

297 2813 442 2892 desistat,
462 2816 516 2881 ille
539 2823 647 2883 contra
665 2817 757 2883 talem
775 2839 857 2904 spem
880 2819 1003 2882 inanem
1027 2824 1188 2883 esseratus
1200 2814 1425 2881 adolescentem

295 2929 345 2994 his
368 2930 468 2995 verbis
490 2930 651 3002 hortetur:

491 3041 614 3134 πτηνύς
635 3034 826 3126 διώκειςχιύ
846 3044 972 3126 τέκνον,
993 3038 1052 3120 τοὶς
1073 3043 1219 3119 ἐίπίδας.

296 3156 347 3222 cui
370 3159 552 3245 respondeat
573 3161 710 3225 invenis:
837 3204 840 3210 ·

442 3264 509 3337 σύκ
529 3264 738 3361 εύτύχησα·
760 3276 816 3362 τῆς
836 3269 931 3361 τύχης
954 3264 984 3339 δ’
1003 3263 1064 3356 σύχ
1083 3261 1278 3359 είςτηύπσς.

303 3383 411 3451 Veram
433 3393 481 3449 cat
501 3410 548 3450 me
569 3410 630 3451 ιισιι
641 3389 755 3471 foiace
766 3389 921 3472 felicem
945 3389 999 3451 aad
1021 3388 1177 3452 Fortunae
1191 3408 1251 3449 ιισσ
1265 3407 1329 3451 cmo
1343 3385 1427 3451 σσίίσ

296 3507 352 3564 στί.
373 3501 421 3567 Of.
446 3500 651 3567 Horatianum
674 3503 770 3569 illud:
800 3526 859 3568 aon
875 3505 905 3574 ai
927 3505 1009 3568 mole
1031 3526 1117 3582 στσι,
1140 3511 1170 3567 σί
1193 3503 1265 3566 olim
1289 3502 1335 3565 aio
1357 3501 1426 3568 crit.

341 3847 446 3920 Facile
468 3848 583 3935 corrigi
607 3855 708 3936 potest
731 3852 807 3916 levia
830 3873 914 3916 error
941 3851 975 3915 in
1010 3851 1104 3936 longo
1126 3849 1320 3935 fragmento,
1342 3846 1426 3930 quod

297 3985 333 4029 ex
356 3965 507 4050 Autolyco
538 3968 672 4053 satyrico
695 3969 783 4032 affert
805 3967 984 4032 Athenaeus
1008 3966 1039 4031 X
1063 3988 1090 4050 p.
1114 3965 1180 4029 413
1205 3986 1232 4028 c.
1254 3986 1298 4028 vs.
1321 3967 1342 4026 4
1366 3984 1425 4046 sq.:

708 4080 781 4155 πῶς
801 4080 878 4166 χᾶρ,
903 4072 975 4158 ύςις
994 4069 1057 4143 ἐστ’
1078 4068 1157 4164 α’νηη

492 4179 608 4275 γνάθου
630 4212 667 4254 τε
689 4191 802 4265 δοῦλος
823 4182 938 4277 ιηδσύς
961 4181 991 4257 θ’
1010 4179 1250 4276 ἡσσημένος,

492 4292 633 4389 κτήσαιτ’
653 4294 692 4367 da
713 4293 810 4382 ύίβσν
832 4297 880 4374 εἰς
899 4292 1082 4389 ύπερβσλὴν
1101 4288 1237 4387 πατρός.

341 4415 523 4499 Requiritur
535 4416 616 4481 enim
629 4414 708 4483 haud
728 4415 819 4479 dabie
842 4414 1047 4501 Participium
1078 4412 1227 4497 temporis
1249 4412 1425 4476 Praesentis
