3024 5264
836 466 897 546 raa

346 633 419 720 Cap.
443 637 485 700 26
512 635 686 700 induxerim
713 637 882 717 vocabula,
903 631 1064 727 πράσσειν
1095 631 1116 727 ᾗ
1147 634 1186 706 ἀν
1212 639 1321 717 αὐτοῖς
1349 643 1431 730 δοκῇ

302 737 399 834 ἀριςα
419 739 499 813 εἶναι
516 739 721 835 Ἀθηναίοις,
755 754 868 840 quippe
901 743 1206 839 interpretamentum
1240 757 1424 842 praegressi:

302 847 543 945 αὐτοκράτορας
565 853 652 924 εἶναι.
691 865 724 928 Si
752 869 888 953 genuina
915 877 998 946 sunt,
1027 874 1108 934 certe
1132 868 1346 934 scribendum:
1378 867 1433 934 καὶ

302 967 382 1056 περὶ
402 972 536 1057 ςρατιάς
555 995 596 1036 τε
617 966 771 1061 πλήθους
791 978 844 1044 καὶ
866 978 928 1046 aas.

347 1083 419 1169 Cap.
463 1086 506 1148 27
539 1086 557 1168 δ
583 1090 611 1149 3.
641 1087 726 1154 Hinc
760 1093 933 1179 corrigatur
967 1094 1162 1158 Pousinon.
1196 1095 1230 1158 ι’νι
1265 1095 1433 1160 Alcibiade
1496 1077 1501 1088 ’

302 1199 375 1285 Cap.
400 1203 455 1263 20:
488 1188 534 1271 οῖς
559 1189 627 1264 ἀπο
646 1202 725 1282 μιιῖς
747 1201 801 1269 ἐπί
822 1211 1073 1294 νεωτερισμῷ
1094 1207 1344 1290 συνωμοσίας
1373 1228 1427 1271 πε-

302 1310 486 1399 πραγμένῳ.
506 1312 586 1376 Nam
610 1313 774 1401 legendum
798 1327 862 1383 est:
885 1315 941 1384 ἐπὶ
966 1320 1242 1409 νεωτερισμοῦ
1265 1340 1434 1398 συνωμο-

302 1422 368 1509 σίᾳ
389 1423 461 1489 aad.

347 1540 420 1626 Cap.
443 1539 484 1603 29
510 1541 528 1623 b
552 1541 592 1604 3:
616 1532 758 1629 ῥήτορας
784 1541 933 1624 ἐνιέντες,
955 1536 989 1608 δι’
1021 1535 1130 1625 ἔλεγον
1161 1543 1213 1607 νῦν
1241 1541 1298 1624 μὲν
1321 1541 1436 1607 πλεῖν

303 1645 399 1718 αὐτόν
419 1649 482 1717 aaa.
516 1655 592 1719 Post
625 1653 719 1717 πλεῖν
752 1657 836 1735 vide,
870 1679 975 1722 annon
999 1655 1149 1721 exciderit
1172 1653 1264 1718 δεῖν.
1295 1655 1334 1719 In
1367 1657 1385 1738 p
1414 1659 1433 1716 2

304 1768 373 1831 init.
403 1766 456 1830 καὶ
477 1757 723 1854 ἐπεμαρτύρετο
756 1763 801 1857 μή
832 1761 973 1844 ἀπόντος
1004 1767 1100 1856 περὶ
1132 1765 1247 1834 αὐτοῦ
1279 1760 1436 1848 διαβολαῖς

305 1876 546 1964 ἀποδέχεσθαι,
569 1893 723 1968 expuncto
746 1884 934 1970 pronomine,
957 1882 1091 1984 auribus:
1111 1873 1156 1968 μή
1178 1871 1320 1955 ἀπόντος
1343 1876 1437 1965 πέρι

307 1984 461 2072 διαβολοὶς
482 1989 544 2058 κτλ.

351 2106 424 2192 Cap.
448 2109 488 2170 31
514 2109 532 2191 δ
556 2112 575 2170 5
601 2108 692 2171 med.:
715 2108 778 2172 τῶν
799 2102 828 2173 δ’
850 2106 985 2173 ἰδιωτῶν
1013 2099 1034 2171 δι’
1054 2127 1090 2169 τε
1109 2101 1197 2203 περίν
1209 2096 1247 2168 ud
1269 2092 1366 2184 σῶμά
1388 2125 1439 2177 τις

306 2217 359 2284 καὶ
381 2208 590 2307 τριήραρχος
610 2215 645 2294 ἐς
666 2214 723 2307 τήν
744 2219 821 2285 ναῦν
840 2209 1005 2284 ἀναλώκει.
1019 2199 1175 2305 Repetitis
1192 2215 1310 2282 duabus
1320 2215 1438 2292 literis,

308 2333 456 2397 scribam:
480 2328 533 2393 καί
559 2321 786 2420 τριήραρχος,
812 2323 863 2396 ὅδ’
885 2328 918 2404 ἐς
939 2324 995 2419 τήν
1014 2331 1090 2397 ναῦν
1111 2328 1175 2396 nai.

353 2446 431 2534 Cap.
452 2449 495 2512 33
520 2447 538 2529 b
563 2449 601 2508 2:
623 2434 795 2531 πρόφασιν
812 2439 871 2526 μὲν
891 2433 1055 2526 Ἐγεςαίων
1077 2441 1245 2526 συμμαχίᾳ
1264 2437 1327 2503 ard.
1351 2442 1437 2505 Imo:

308 2554 365 2628 ἐπ’
384 2555 438 2647 Ἐγ.
460 2557 524 2624 uri.
552 2559 599 2623 lb.
634 2560 652 2642 b
679 2559 700 2621 4
732 2579 795 2620 non
828 2557 929 2620 minus
959 2558 1043 2642 turpi
1075 2578 1175 2621 errore
1205 2554 1336 2640 legitur:
1361 2545 1439 2617 οὔθ’

308 2667 359 2740 ὅτι
380 2663 509 2758 μεγάλῳ
533 2662 617 2755 edan
639 2667 847 2757 ἐπέρχονται,
871 2661 1088 2758 ἀνωφελεῖς
1109 2662 1191 2735 ἀλλά
1201 2660 1328 2732 -πολά
1346 2657 1440 2747 ἀμει·

308 2809 370 2850 νου.
393 2786 466 2851 Νου
489 2785 568 2850 foret
590 2785 623 2849 in
647 2783 705 2847 hae
727 2784 879 2848 sententia
907 2775 1072 2864 ἀμείνονες
1094 2781 1255 2848 absurdius
1279 2802 1368 2864 quam
1392 2785 1439 2844 est

310 2888 502 2986 ἀνωφελεῖς,
533 2923 588 2986 pro
612 2921 673 2985 quo
693 2900 843 2984 seriptum
874 2904 1013 2984 oportere
1035 2887 1203 2987 ἀνωφελές
1228 2918 1322 2981 paene
1343 2895 1440 2982 pudet

311 3035 356 3076 me
378 3013 561 3100 significare.
584 3014 684 3079 Initio
708 3016 766 3097 §6
793 3021 909 3078 eertum
944 3018 1012 3093 est,
1036 3011 1134 3078 Thur.
1169 3011 1290 3076 dedisse
1323 3003 1439 3094 ὥσπερ

309 3150 363 3213 pro
391 3122 493 3215 ὅπερ,
516 3129 669 3216 quidquid
701 3129 882 3215 obloquitur
904 3131 1010 3215 Poppo
1042 3126 1217 3211 similesque
1247 3125 1322 3189 huie
1351 3123 1440 3187 oriti-

310 3245 412 3307 castri.

354 3360 427 3443 Cap.
451 3362 492 3422 38
519 3361 591 3442 M:
614 3349 734 3439 μάλιςα
754 3351 815 3444 γάρ
839 3357 924 3421 δοκοῖ
951 3347 989 3420 ἀν
1016 3378 1074 3438 μοι
1105 3346 1210 3427 οὕτως
1241 3344 1443 3437 ἀποτρέπειν

309 3471 355 3557 τῆ
363 3493 380 3545 ς
400 3471 642 3558 κακουργίας.
665 3473 751 3558 Lego
771 3463 843 3542 τάς
865 3465 1117 3555 κακουργίας.
1151 3466 1271 3543 Ibidem
1297 3486 1367 3527 mox
1394 3483 1442 3525 re-

310 3609 424 3671 ponas:
446 3575 587 3671 πότερον
603 3576 715 3672 ἀρχειν
737 3573 782 3668 δή
804 3605 859 3669 pro
886 3572 969 3668 ἤδη.

355 3702 428 3787 Oap.
451 3702 492 3762 39
516 3698 586 3762 init.
609 3703 804 3784 expungatur
826 3703 881 3762 aut
908 3689 1006 3780 ἀριςα
1027 3698 1097 3781 post
1126 3683 1255 3780 ἀρχειν,
1279 3694 1334 3753 aut
1365 3687 1442 3766 βελ-

310 3812 420 3887 τίςους
440 3817 511 3899 post
536 3799 642 3897 ἀριςα.

354 3928 426 4013 Cap.
450 3929 492 3991 40
509 3927 541 3990 in
569 3926 636 4010 ipso
660 3923 720 3987 fine
742 3924 884 4007 requiro:
909 3911 1103 4008 πειράσεται
1124 3905 1312 3992 διασώζειν

354 4045 428 4129 Gap.
460 4046 502 4105 aa
533 4041 551 4124 δ
583 4040 603 4100 λ
636 4038 719 4125 lege:
748 4034 781 4112 ἐς
802 4029 933 4104 Ἰταλίαν
954 4030 1008 4097 καὶ
1030 4027 1176 4097 Σικελίαν
1198 4050 1252 4113 pro
1287 4023 1441 4111 vulgetis:

310 4157 364 4224 καὶ
385 4156 417 4230 ἐς
436 4148 492 4241 τήν
510 4150 555 4219 'Im
576 4149 640 4217 κτὲ.
940 4144 944 4151 ’

356 4273 429 4358 Cap.
460 4269 502 4333 58
534 4268 551 4350 b
578 4268 595 4330 1
621 4286 779 4351 expungas
809 4259 959 4327 vocabula
991 4249 1070 4330 τοιλς
1100 4245 1239 4325 ὁπλίτας
1269 4255 1339 4339 post
1367 4241 1445 4322 τούς

312 4382 476 4470 πομπέας.
505 4384 543 4446 In
578 4380 646 4467 ipso
675 4381 768 4443 initio
793 4375 893 4441 scribo
918 4364 1090 4455 ἀγγελθὲν
1113 4389 1167 4454 pro
1188 4356 1443 4449 ἀγγελθέντος.
