3024 5264
556 529 787 576 Puannarro.
1201 527 1235 573 IX

98 693 229 759 τᾶσθαι
249 686 356 777 μόνον.
378 689 470 763 Quod
489 691 569 754 enim
594 688 647 754 ille
663 687 800 774 reposuit
820 683 932 776 ἐδέησέ
950 679 984 773 μ’
1005 687 1082 754 male
1095 690 1236 759 cohaeret

101 835 172 878 cnm
186 832 362 898 praegresso
380 809 427 878 ἐςι
446 847 483 881 -,
500 798 646 895 φράζων.
668 804 793 871 Certum
815 810 860 870 est
872 806 1003 891 requiri:
1023 799 1162 897 φράζων
1178 801 1238 900 ὑφ’

102 918 146 994 οὗ
175 927 234 993 δεῖ
260 916 353 1016 p'„
378 918 543 1008 ἡττᾶσθαι
564 914 674 1004 μόνου.
705 922 799 995 Quod
834 946 908 1011 ergo
939 923 1024 989 aliud
1054 925 1236 992 vocabulum

103 1043 247 1111 excidere
272 1042 377 1130 potuit
410 1061 499 1126 quam
532 1031 671 1129 οἷνδρόςῖ
691 1040 796 1125 quod,
827 1063 959 1126 quaeso,
981 1043 1134 1108 restituas.
1158 1043 1237 1108 Mox

103 1184 149 1226 vs.
174 1162 259 1225 1281
286 1159 394 1225 haereo
410 1158 442 1220 iu
462 1155 526 1220 his:
550 1146 753 1245 Ἀριφράδης
774 1146 930 1242 πονηρός,
960 1149 1044 1222 oillei
1064 1157 1160 1224 τοῦτο
1181 1155 1239 1241 μὲν

46 1324 49 1331 .
103 1272 170 1339 καί
191 1265 383 1355 βούλεται.
426 1271 526 1346 Vide,
551 1272 610 1348 sis,
645 1272 805 1355 sequentia
825 1278 856 1335 ct
878 1272 1008 1335 fortasse
1038 1273 1114 1338 mihi
1151 1273 1238 1338 dabis

104 1390 289 1454 sententiam
308 1388 368 1453 loci
394 1389 497 1475 potius
521 1389 621 1452 favere
644 1389 839 1451 coniecturae
857 1408 939 1451 meae
960 1384 1109 1455 κᾶλλων
1129 1384 1237 1470 με’τα.

12 1492 17 1505 ’
105 1507 154 1572 cf.
166 1531 194 1571 v.
216 1528 242 1571 c.
267 1504 380 1570 Herod.
405 1505 465 1579 VI,
491 1505 531 1568 68
555 1506 572 1589 δ
594 1508 622 1568 3.
648 1503 770 1567 Deinde
789 1525 877 1589 spero
889 1504 969 1581 fore,
992 1509 1027 1569 ut
1038 1507 1237 1591 reperiantur,

105 1624 160 1710 qui
183 1643 299 1687 mecum
323 1627 360 1686 ut
379 1623 515 1707 spurium
541 1621 747 1685 condemnent
781 1641 823 1684 vs.
855 1620 1029 1700 inficetum,
1062 1618 1238 1706 explicandi

104 1763 199 1806 causa
225 1738 298 1804 olim
329 1739 519 1824 adscriptum
549 1735 586 1801 ad
620 1738 768 1802 Nnuwu
799 1759 844 1800 vs.
869 1736 927 1802 26:
951 1728 1159 1827 ὀνειροπολεῖ
1178 1727 1239 1821 μοῖρ

103 1854 159 1921 καῖ
188 1843 360 1919 καθεύδων
381 1845 525 1944 ἱππικήν.
568 1854 729 1918 Oonfictus
765 1858 865 1917 autern
902 1853 1025 1918 videtur
1060 1852 1098 1916 ad
1140 1873 1240 1915 exem-

104 1971 190 2058 plum
212 1993 254 2035 vs.
279 1972 318 2032 16
344 1959 548 2057 ὀνειροπολεῖ
571 1958 608 2030 θ’
626 1965 762 2044 ἵπποις.
787 1970 905 2033 Iterum
929 1968 1047 2047 dubito,
1072 1990 1147 2033 num
1159 1971 1242 2031 recte

105 2086 283 2154 Meinekius
306 2085 338 2146 in
364 2083 502 2147 ordinem
524 2084 674 2168 receperit
701 2082 873 2149 Hermanni
890 2087 1095 2150 coniecturam
1113 2106 1156 2149 vs.
1177 2085 1240 2149 179

104 2190 269 2284 θυμάτων
288 2222 342 2287 pro
366 2187 594 2281 θοιμάτιον,
617 2199 768 2283 siquidem
790 2206 856 2266 tum
881 2225 940 2267 vox
966 2202 1155 2266 deminution
1178 2201 1242 2264 dis·

105 2316 220 2404 plicet,
244 2322 329 2392 tum,
358 2312 439 2399 quod
463 2312 588 2398 gravius
616 2319 680 2393 est,
711 2337 772 2380 non
804 2317 994 2406 intelligitur
1028 2317 1179 2403 quomodo
1207 2317 1240 2380 in

104 2433 257 2521 palaestra
279 2435 371 2515 θῦμα
403 2429 527 2514 reperiri
550 2431 695 2516 potuerit.
720 2432 822 2505 Quare
845 2433 949 2500 videas
979 2457 1016 2499 an
1041 2434 1145 2522 potius
1168 2431 1242 2497 Ari·

105 2546 248 2634 stophani
261 2545 449 2611 reddendum
462 2545 503 2608 sit
513 2569 519 2609 :
531 2540 565 2609 e'u
576 2545 634 2633 τῆς
655 2545 841 2635 παλαίςρας
860 2544 1055 2614 θυλάκιον
1076 2539 1242 2635 ὑφείλετο.

104 2665 155 2730 cf.
177 2664 231 2728 Ar.
255 2662 338 2728 Plut.
363 2660 443 2738 763,
465 2660 572 2748 fragm.
596 2659 695 2724 Arist.
719 2683 765 2747 ap.
778 2661 935 2729 Pollucem
956 2663 992 2728 X
1015 2665 1095 2741 151,
1126 2661 1243 2727 Herod.

104 2785 163 2850 ΙΙΙ
185 2785 237 2847 46.
261 2780 325 2844 Vix
353 2799 498 2862 assequor
532 2775 685 2861 quomodo
717 2799 760 2842 vs.
793 2781 858 2845 417
883 2780 977 2846 lectio
1008 2777 1069 2847 καί
1106 2803 1243 2868 γυμνα-

105 2895 201 2965 σίων
229 2900 374 2982 corrupta
405 2916 471 2958 esse
500 2893 636 2977 potuerit
658 2915 696 2957 ex
717 2881 987 2981 κάδηφαγίας,
1022 2917 1111 2980 quam
1145 2895 1242 2981 scrip·

104 3019 209 3079 turam
239 3011 371 3078 servavit
395 3009 539 3075 Laertius
573 3007 718 3096 vulgatae
740 3007 822 3072 haud
846 3008 940 3074 dubie
962 3010 1054 3099 longe
1073 3012 1244 3098 praeferen-

105 3130 185 3194 dam.
216 3128 287 3195 Hoc
305 3150 399 3192 unum
428 3147 535 3190 moneo
567 3128 745 3189 contextum
771 3124 947 3204 admittere,
971 3128 1053 3214 quod
1077 3127 1243 3214 perexiguo

103 3247 264 3312 literarum
294 3244 473 3309 discrimine
492 3241 598 3327 reponi
621 3241 739 3328 possit:
764 3240 855 3309 οῖνον
877 3237 905 3304 τ’
926 3233 1042 3326 ἀπέχει
1065 3240 1132 3306 καί
1154 3262 1244 3323 σομ.

104 3359 255 3426 ποσίων
276 3359 339 3428 nei.
360 3361 432 3426 Una
454 3358 544 3424 litera
568 3355 716 3422 demenda
740 3356 862 3420 videtur
890 3380 933 3421 vs.
957 3361 1039 3421 552:

212 3535 302 3612 οὗτοι
324 3541 360 3626 δ’,
384 3534 431 3619 αῖς
452 3536 542 3623 ἅπαξ
562 3539 752 3629 παρέδωκεν
772 3533 874 3631 λαβήν
893 3531 1107 3629 Ὑπέρβολος,

210 3660 349 3723 τοῦτον
370 3654 511 3723 δείλαιον
532 3643 708 3743 αολετραῖδ
729 3646 781 3719 ciel
802 3653 856 3721 καί
876 3645 933 3743 τήν
953 3652 1120 3744 μητέρα,

104 3836 210 3921 Lego:
234 3826 280 3898 ου’
300 3825 365 3899 τόν
386 3871 426 3884 -
447 3825 614 3918 μητίρα;
637 3830 755 3897 Contra
790 3830 879 3895 binas
914 3829 1035 3895 additas
1074 3831 1164 3896 velim
1200 3854 1244 3896 vs.

105 3954 173 4017 578
197 3971 260 4034 sq.:
284 3944 404 4025 πλεῖςα
434 3935 494 4030 γαρ
524 3943 614 4009 θεοῖν
643 3934 793 4010 ἁπάντων
824 3936 1015 4034 ω’φελοῦσαι
1041 3936 1098 4032 τήν
1129 3935 1242 4028 πόλιν,

104 4057 267 4148 δαιμόνων
277 4052 352 4149 ἡμῖν
360 4049 474 4142 μόναις
489 4045 530 4122 ori
551 4047 645 4121 θύετ’
667 4055 744 4122 οὐδὲ
765 4056 930 4124 σπένδετε.
953 4058 1041 4132 Quae
1061 4060 1142 4124 enim
1159 4083 1243 4126 nuuc

104 4180 161 4245 vix
176 4176 350 4254 cohaerent,
369 4174 485 4261 optime
494 4170 659 4250 habebunt,
673 4171 726 4237 ubi
740 4174 899 4259 scripseris
911 4197 919 4238 ε
932 4174 1052 4254 πλεῖςα
1072 4169 1134 4262 γόρ
1156 4176 1245 4240 θεαῖν

102 4282 258 4359 ἀπόντων
279 4278 488 4378 ὠφελούσαις
517 4279 574 4374 τήν
601 4277 698 4351 πόλιν
719 4277 879 4369 δαιμόνων
902 4283 936 4352 θ’
955 4277 1031 4376 ἡμῖν
1060 4275 1174 4368 μόναις
1205 4278 1245 4353 ou'

102 4395 200 4471 θύετ’
221 4395 299 4470 οὐδὲ
318 4398 484 4470 σπένδετε.
504 4401 637 4489 Iungas:
660 4391 734 4490 ἡμῖν
753 4391 815 4490 γὰρ
838 4401 959 4481 πλεῖςα
973 4398 1064 4466 θεῶν
1084 4388 1244 4482 δαιμόνων
