3024 5264
602 482 663 544 179

22 718 25 723 ,
61 658 269 742 τιμωρεῖσθε
285 653 365 737 κτλ,
379 677 456 739 quae
474 657 653 720 coniectura
669 655 705 718 ad
729 656 913 740 scripturam
925 651 1088 717 codicibus
1099 650 1196 715 tradi·

61 773 127 831 tum
140 768 233 854 paulo
245 771 370 856 propius
382 771 541 854 accedito
558 775 637 835 195:
656 761 725 835 οὐδ’
739 761 848 853 σ’λιχοῦ
868 768 932 831 δεῖ
949 769 1063 832 τοῦτον
1075 761 1198 851 ἔθηκας

59 876 121 947 τον
138 872 255 966 νόμον·
277 874 431 965 οὐδεμίαν
452 878 513 971 χσὶρ
534 876 573 948 rb
593 880 698 948 εἰπεῖν
719 876 807 964 ἔχοις
829 871 926 967 ἰίλλην
948 870 1133 966 πρόφασιν,
1157 867 1202 941 δι’

58 985 99 1082 ἠν
122 994 270 1061 τοιοῦτον
289 987 440 1082 ἐπήρθης
466 992 652 1080 εἰσενεγκεῖν
682 989 798 1075 νόμον,
824 983 923 1080 {iaris
942 990 1084 1055 σεαυτοῦ
1105 991 1200 1062 θεοῖς

60 1100 193 1193 ἔχθραν
211 1103 550 1193 αἰσχροκέρδειαν.
572 1107 686 1184 Aliud,
706 1107 806 1184 oredo,
833 1105 962 1192 agebant
984 1104 1145 1168 Bekkerus
1167 1106 1198 1166 et

60 1220 269 1296 Dindorfius,
302 1243 395 1305 quum
420 1220 499 1285 hano
522 1221 686 1287 lectionem
704 1229 807 1308 aperte
829 1223 969 1285 vitiosam
991 1219 1043 1283 alii
1067 1217 1199 1306 praefer-

58 1342 146 1416 rent,
166 1358 258 1422 quam
282 1336 444 1400 manifesto
466 1337 615 1402 sinceram
637 1337 784 1403 exhibent
809 1338 898 1402 codd.
924 1336 1047 1410 ΥΩΙιιε,
1079 1334 1198 1419 qualem

58 1452 110 1519 vel
136 1453 207 1517 siue
230 1451 318 1517 eodd.
334 1453 547 1537 unusquisque
571 1453 771 1518 Demostheni
790 1453 979 1518 reddendum
1001 1474 1066 1516 esse
1085 1451 1200 1515 sentiat

58 1574 270 1657 oenseatqne:
294 1556 362 1632 οὐδ’
382 1562 492 1650 δλίχου
513 1563 557 1653 δὴ
577 1565 641 1633 κτὲ.
663 1571 683 1633 i.
706 1593 731 1632 e.
755 1594 810 1634 κισ
818 1591 1091 1655 μοινοιουερυακι
1100 1567 1199 1651 pretio

59 1687 162 1769 ίερειιι
184 1683 291 1747 tutta
310 1691 368 1746 oet.
390 1683 402 1757 i
425 1683 506 1743 196:
530 1673 606 1744 οὔτε
629 1675 691 1770 χυλρ
722 1677 765 1749 τδ
798 1677 845 1748 τιί
874 1676 1022 1749 τουτων
1051 1681 1202 1765 πολλοςῷ

57 1788 173 1887 χρόνῳ
196 1790 291 1879 μόλις
312 1785 446 1868 ἄκοντας
466 1790 498 1858 ἐν
517 1791 624 1880 τρισίν
644 1792 894 1880 ἐξελεγχθέντας
922 1794 1122 1884 δικαςηρίοις
1144 1819 1201 1858 κα-

55 1907 253 1987 ratribus,
275 1897 370 1971 τοῦθ’
384 1895 493 1993 ἡγήσω
508 1897 547 1970 ari
565 1905 655 1970 δεῖνα
677 1899 815 1990 πάσχειν
838 1899 927 1974 εἰναι.
943 1911 1017 1974 Nou
1031 1910 1098 1973 sine
1109 1930 1201 1973 eausa

56 2025 152 2111 prins
174 2008 216 2087 τό
239 2021 390 2086 omittunt
412 2017 548 2087 nrkrsv.
569 2021 650 2084 Nam
674 2023 858 2106 requiritur:
872 2015 947 2088 οἰίτε
968 2015 1029 2110 χσίρ
1051 2015 1096 2088 τδ
1115 2012 1202 2086 τοὺ.

56 2161 160 2213 τους
191 2133 348 2218 πολλοςῷ
372 2129 434 2199 nat.
456 2133 615 2222 Imponam
639 2135 687 2199 his
711 2138 914 2203 Timocrateis
944 2134 1001 2202 τον
1028 2135 1203 2222 κολοφῶνα

57 2249 254 2340 eorrigenda
273 2250 450 2328 1198,οοί
474 2249 630 2338 legimusr
651 2251 765 2335 πολλῷ
783 2245 845 2340 χιίρ
867 2244 974 2340 δήπου
997 2237 1204 2334 σχετλιώτερ’

56 2354 232 2448 δτιᾶσχεδἱ
252 2353 363 2446 δμεῖς,
386 2361 439 2427 καί
459 2358 545 2430 πολι)
564 2364 686 2445 μᾶλλον
706 2357 745 2428 tv
766 2361 897 2439 εἰκότως
924 2359 1031 2448 η’λίεις
1051 2354 1202 2440 τούτους,

57 2471 93 2545 δι’
110 2469 163 2543 δι’
183 2468 273 2557 ὑμᾶς
293 2462 320 2538 οἰ
340 2465 502 2560 κατάρατε
522 2469 600 2551 τοδς
622 2482 868 2544 ΛΕΓΟΝΤΛΣ
882 2466 952 2540 οὐδ’
964 2470 1072 2540 διιοίν
1090 2469 1203 2560 εἰσφέ-

57 2609 179 2680 ροντες
209 2576 380 2652 παύονται.
408 2588 496 2660 Quid
527 2588 602 2654 haee
634 2589 693 2654 sibi
725 2590 843 2668 velint,
873 2581 944 2656 οὐδ’
974 2582 1013 2656 ἂν
1043 2586 1205 2663 Οἰδίπους

57 2691 194 2788 acirim
219 2706 329 2764 eontra
355 2724 445 2768 nemo
469 2726 532 2768 nou
555 2705 646 2770 iaeile
667 2705 824 2792 intelliget
847 2706 1011 2770 eorundem
1037 2702 1203 2768 vocabulo·

59 2838 126 2884 rum
144 2838 290 2893 sensum,
306 2815 416 2882 leniter
435 2820 609 2886 retiotorum
630 2824 662 2884 in
684 2820 768 2886 huno
785 2821 923 2886 modum:
936 2861 975 2870 -
995 2813 1031 2884 οἳ
1050 2810 1094 2884 δι’
1107 2809 1205 2898 ιίμᾶς,

61 2919 86 2995 τί
111 2925 306 3017 κατάρατε,
334 2923 413 3006 τούς
446 2940 477 2998 Τ
474 2939 720 3001 ΕΛΟΥΝΤΑΣ
744 2926 812 2999 οιίδ
841 2925 963 3013 ὁτιοῦν,
995 2926 1206 3019 εἰσφέροντες

61 3033 276 3108 παύονται.
298 3043 431 3131 Egregie
456 3047 537 3110 enim
560 3047 639 3113 inter
655 3071 688 3112 se
715 3057 916 3135 opponuntur
935 3048 975 3124 ii,
999 3047 1051 3131 qui
1077 3066 1115 3108 ne
1133 3053 1205 3108 tan-

62 3154 165 3223 tssiurn
183 3157 313 3243 quidem
326 3159 467 3239 solvunt,
478 3161 552 3240 illis,
572 3163 624 3248 qui
638 3186 693 3249 pro
717 3169 804 3251 parte
822 3162 906 3229 virili
922 3162 1063 3249 pendunt
1078 3160 1205 3224 tributu.

64 3270 188 3338 Dubito
200 3277 323 3351 tamen,
341 3298 413 3340 uum
426 3275 475 3340 vel
498 3267 693 3343 παύονται
716 3278 816 3343 mendi
831 3280 873 3344 sit
894 3280 1039 3343 immune.
1059 3277 1205 3364 Cogitavi

67 3386 100 3453 de
119 3387 307 3475 reponendo
326 3379 581 3455 οἰπόλλυνται

104 3504 147 3569 Ia
176 3505 344 3588 Αμλσίκινι
373 3505 391 3568 Ι
421 3517 433 3590 ς
461 3506 517 3567 16:
552 3495 610 3592 τήν
637 3508 760 3590 προῖκα
786 3497 861 3590 [τοίς
888 3496 1083 3592 ὀγδοήκοντα
1110 3500 1206 3584 μνᾶς]

67 3616 302 3700 νενομισμένας
320 3615 383 3682 ni.
401 3619 455 3692 eti
469 3619 510 3681 13
530 3622 626 3681 extr:
651 3615 712 3691 ἓως
732 3607 987 3706 οἰνεπλρροίσατο
1008 3612 1065 3705 τήν
1085 3623 1208 3706 προῖκα

68 3720 136 3814 [εἰς
150 3717 358 3816 ὀγδοήκοντα
383 3732 487 3818 μνᾶς]
512 3731 605 3796 Hane
630 3731 714 3797 dotis
741 3755 889 3797 summam
914 3733 1008 3798 fnisse
1034 3734 1092 3798 iam
1118 3734 1208 3796 novi·

68 3860 130 3907 runs
150 3866 194 3908 ex
216 3847 230 3921 ί
249 3848 280 3906 5.
296 3841 399 3909 Miror
418 3845 497 3911 idem
522 3847 767 3912 additamentum
792 3869 853 3911 non
878 3849 1051 3933 appareret
1076 3849 1116 3912 17
1137 3854 1209 3933 post

67 3956 154 4023 verba
183 3949 249 4043 τήν
267 3953 327 4036 μὲν
352 3956 459 4023 τοίνυν
489 3965 631 4046 προῖκα,
653 3985 710 4026 neo
732 3962 846 4027 ibidem
870 3970 941 4047 post
964 3963 1054 4026 verba
1084 3951 1210 4027 κελεύει

68 4061 118 4156 τῆν
135 4071 278 4158 προῖκα.
298 4069 414 4133 Contra
435 4071 534 4137 denno
558 4074 710 4142 adiectum
729 4080 860 4164 reperies
880 4079 892 4152 i
916 4084 977 4155 56,
1002 4078 1083 4143 unde
1105 4077 1210 4164 expel-

69 4178 242 4248 lrsReete
264 4190 296 4247 et
319 4183 393 4249 alibi
417 4187 502 4250 abest
523 4198 555 4251 et
577 4191 646 4276 119
678 4197 727 4257 ll.
753 4203 765 4274 ς
789 4197 844 4258 26:
875 4192 980 4258 καίτοι
1000 4196 1034 4259 εἰ
1048 4220 1081 4261 τι
1100 4190 1210 4279 ἔλεγον

71 4284 170 4381 tyno,
192 4287 259 4363 min
286 4290 326 4362 ἂν
353 4296 416 4362 κιὲ.
443 4300 562 4366 Ibidem
588 4295 714 4391 ἰρδρν
733 4300 836 4394 [ὅλου]
858 4299 896 4372 τὸ
913 4299 1101 4396 ἐρχαςήριον
1120 4301 1209 4396 dmo-

72 4407 231 4490 ιίζουοιν,
252 4422 286 4474 et
308 4410 322 4481 i
344 4417 386 4475 :33
410 4421 502 4478 extu:
525 4409 607 4479 α’λλιί
631 4417 683 4481 καί
703 4422 815 4485 τοῦτον
845 4409 966 4508 ιίρδχν
995 4420 1209 4510 α’ρανίζουσιν
