3024 5264
626 477 668 536 83

497 742 700 808 CAPUT
745 740 798 807 VI.

407 980 646 1024 udonrnomm
670 979 885 1024 FRAGMENTA.

122 1427 274 1516 Apollod.
297 1431 335 1507 3,
367 1433 401 1502 1,
434 1433 469 1493 4:
490 1416 527 1515 ἦν
549 1424 577 1493 d‘
599 1419 617 1494 ό
640 1418 855 1516 λαβύρινθος,
879 1416 915 1491 ὃν
936 1423 1105 1501 Δαίδαλος
1121 1447 1213 1492 κατε-

74 1532 241 1607 unedone·

214 1679 217 1684 ·
237 1653 356 1739 οἴκημα
376 1657 520 1737 καμπαῖς
542 1641 764 1726 πολυπλόκοις
783 1646 937 1715 πλανῶν
956 1638 1059 1716 όιλόν.

78 1764 191 1853 Vulgo
212 1764 340 1831 πλανῶν
358 1758 417 1853 τήν
438 1759 571 1845 ἔξοδον,
604 1764 688 1849 quod
720 1763 757 1847 de
780 1763 958 1828 coniectura
990 1784 1055 1828 mea
1088 1765 1214 1831 mutavi.

79 1879 263 1947 Meinekius
292 1879 409 1964 primus
436 1878 547 1966 tragici
572 1878 704 1944 alicuius
728 1877 819 1944 verba
841 1877 936 1944 latere
959 1878 1134 1964 suspicatus
1157 1885 1213 1946 est.

128 2208 213 2274 Male
236 2207 411 2296 Wagnerus
433 2206 589 2292 Aeschylo
611 2206 758 2272 tribuisse
776 2206 899 2272 videtur
921 2207 1029 2294 fragm.
1048 2231 1096 2295 ap.
1116 2208 1214 2275 Mich.

81 2329 193 2412 Apost.
215 2347 244 2409 p.
269 2326 309 2390 3⁷
334 2323 381 2388 cd.
404 2322 516 2388 Walm:

217 2427 361 2520 ,Ἄτομον
381 2434 533 2522 μέγιστος
555 2429 594 2501 ου1
616 2438 771 2523 φοβεῖται
791 2429 869 2511 τους
890 2425 1048 2524 ψόφους,

237 2546 291 2613 καί
310 2547 382 2625 νοῦς
403 2545 551 2637 ἐχέφρων
571 2548 681 2612 πᾶσαν
702 2545 857 2613 ἕλκουσαν
877 2544 962 2630 βίαν.
1026 2530 1029 2535 ’

128 2659 189 2726 Vel
219 2661 246 2725 si
272 2666 397 2748 propter
427 2661 572 2726 violatam
601 2682 724 2748 pausam
758 2660 979 2725 Porsonianam
1007 2681 1051 2725 vs.
1076 2664 1093 2723 1
1119 2660 1215 2725 veteri

82 2776 204 2864 tragico
233 2774 291 2840 hoc
321 2777 428 2863 fragm.
451 2799 514 2841 non
538 2781 618 2841 esset
641 2775 898 2853 abiudicandum‚
921 2777 996 2840 satis
1020 2777 1129 2861 opinor
1151 2797 1215 2840 non

83 2913 202 2957 summo
237 2897 342 2977 poetae
375 2892 428 2956 scd
464 2890 583 2959 misello
613 2891 718 2956 nescio
751 2892 802 2954 cui
825 2894 995 2978 poestastro
1016 2889 1214 2955 tribuendum

83 3029 148 3072 asse
158 3011 321 3095 arguerent
340 3007 407 3094 ipsu
430 3007 530 3072 verba.
555 3008 628 3085 Gur,
657 3006 748 3084 cedo,
770 2997 879 3088 ἄκμων
909 3005 1025 3069 ὀίοἰλιπ
1043 3001 1214 3088 μέγιστοςί

84 3144 140 3188 our
167 3119 317 3187 articulus
359 3120 485 3187 additur
519 3121 557 3186 ad
591 3112 753 3212 ψόφουςΡ
786 3144 858 3186 num
885 3121 941 3205 (vs.
975 3121 1009 3206 2)
1037 3118 1091 3185 nul
1113 3120 1215 3204 potest

83 3236 224 3302 adhiberi
248 3257 302 3321 pro
325 3227 422 3314 addi,
446 3232 533 3321 quod
553 3235 662 3324 procul
686 3235 781 3301 dubio
804 3236 864 3300 loci
882 3236 1035 3300 sententia
1051 3232 1212 3320 postulati

84 3353 217 3437 denique
248 3350 324 3436 quid
346 3356 394 3415 est
413 3349 551 3416 ἕλκουσα
570 3350 650 3434 alal
680 3351 767 3424 Quid
797 3351 905 3417 horum
934 3372 1077 3416 versuum
1107 3353 1214 3414 auctor

83 3467 233 3544 voluerit,
264 3468 339 3530 satis
374 3473 512 3552 apparet;
544 3489 601 3532 nec
628 3466 737 3553 procul
765 3468 887 3546 absum,
924 3468 1000 3563 quin
1026 3464 1214 3548 Aeschylum

82 3582 206 3648 scilicet
228 3586 367 3647 nostrum
390 3604 435 3645 vs.
461 3584 478 3645 1
504 3580 624 3647 dedisse
642 3588 756 3669 putem.

38 3686 42 3695 ⁴
223 3686 352 3777 ’Ἀκμονν
370 3691 565 3780 μεγίστους
587 3686 627 3761 cii
648 3699 802 3785 φοβεῖται
823 3690 899 3772 τούς
920 3687 1068 3791 ψόφους.
1132 3684 1135 3688 ’

127 3807 231 3873 Lubet
250 3808 280 3872 h.
302 3807 323 3872 l.
347 3807 521 3873 adscribere
542 3832 648 3874 versus
673 3809 851 3888 nonnullos,
874 3811 938 3895 qui,
961 3829 1142 3894 quamquam
1166 3829 1214 3872 re-

83 3924 264 3990 centissima
287 3928 386 3988 aetate
409 3910 565 4009 procusos
580 3947 645 3989 esse
668 3927 762 3991 certis
778 3927 967 4013 argumentis
983 3925 1085 3990 evinci
1101 3906 1212 4010 possit,

81 4037 286 4104 nihilominus
321 4061 337 4102 a
375 4038 552 4127 Wagnern,
582 4063 689 4126 parum
721 4042 832 4106 idoneo
854 4041 964 4106 talium
988 4041 1108 4118 iudice,
1133 4041 1214 4103 inter

81 4176 304 4238 anonymorum
328 4155 517 4240 tragicorum
538 4156 687 4241 reliquias
712 4156 858 4222 collocati
882 4161 965 4222 sunt.

130 4275 159 4335 1.
175 4269 225 4334 Fr.
241 4269 362 4333 XXIII
374 4261 497 4356 γαστήρ
520 4274 641 4353 παχεῖα
663 4267 779 4338 λεπτόν
799 4262 838 4336 ori
858 4269 959 4336 τίκτει
980 4263 1082 4334 νόον.
1102 4270 1213 4334 Poetae

84 4385 186 4449 Attici
210 4384 242 4446 in
267 4385 395 4448 senariis
419 4389 597 4448 constanter
620 4389 753 4463 utuntur
780 4385 876 4449 forma
907 4389 1067 4448 contracta
1087 4384 1170 4453 νοῦν.
