<?xml version="1.0" encoding="UTF-8"?>
<!DOCTYPE html PUBLIC "-//W3C//DTD XHTML 1.0 Transitional//EN"
    "http://www.w3.org/TR/xhtml1/DTD/xhtml1-transitional.dtd">
<html xmlns="http://www.w3.org/1999/xhtml" xml:lang="en" lang="en">
 <head>
  <title>
</title>
<meta http-equiv="Content-Type" content="text/html;charset=utf-8" />
  <meta name='ocr-system' content='tesseract 3.04.00' />
  <meta name='ocr-capabilities' content='ocr_page ocr_carea ocr_par ocr_line ocrx_word'/>
</head>
<body>
  <div class='ocr_page' id='page_1' title='image "./exercitationesc00herwgoog_0099.png"; bbox 0 0 3024 5264; ppageno 0'>
   <div class='ocr_carea' id='block_1_1' title="bbox 732 461 773 524">
    <p class='ocr_par' dir='ltr' id='par_1_1' title="bbox 732 461 773 524">
     <span class='ocr_line' id='line_1_1' title="bbox 732 461 773 524; baseline 0 0"><span class='ocrx_word' id='word_1_1' title='bbox 732 461 773 524; x_wconf 87' lang='lat'><strong>81</strong></span> 
     </span>
    </p>
   </div>
   <div class='ocr_carea' id='block_1_2' title="bbox 183 629 1317 815">
    <p class='ocr_par' dir='ltr' id='par_1_2' title="bbox 183 629 1317 815">
     <span class='ocr_line' id='line_1_2' title="bbox 229 629 1317 726; baseline 0.008 -31"><span class='ocrx_word' id='word_1_2' title='bbox 229 631 285 696; x_wconf 80' lang='lat' dir='ltr'><strong>Sic</strong></span> <span class='ocrx_word' id='word_1_3' title='bbox 318 629 439 694; x_wconf 89' lang='lat' dir='ltr'><strong>demum</strong></span> <span class='ocrx_word' id='word_1_4' title='bbox 462 635 544 696; x_wconf 85' lang='lat' dir='ltr'><strong>reete</strong></span> <span class='ocrx_word' id='word_1_5' title='bbox 565 631 716 698; x_wconf 81' lang='lat' dir='ltr'><strong>Stobaeus</strong></span> <span class='ocrx_word' id='word_1_6' title='bbox 735 632 808 698; x_wconf 82' lang='lat' dir='ltr'><strong>huia</strong></span> <span class='ocrx_word' id='word_1_7' title='bbox 827 635 1003 722; x_wconf 84' lang='lat' dir='ltr'><strong>fragmento</strong></span> <span class='ocrx_word' id='word_1_8' title='bbox 1022 635 1127 702; x_wconf 78' lang='lat' dir='ltr'><strong>locum</strong></span> <span class='ocrx_word' id='word_1_9' title='bbox 1147 636 1317 726; x_wconf 68' lang='lat' dir='ltr'><strong>assignavit</strong></span> 
     </span>
     <span class='ocr_line' id='line_1_3' title="bbox 183 744 957 815; baseline 0.006 -7"><span class='ocrx_word' id='word_1_10' title='bbox 183 744 244 810; x_wconf 87' lang='lat' dir='ltr'><strong>sub</strong></span> <span class='ocrx_word' id='word_1_11' title='bbox 265 744 377 809; x_wconf 81' lang='lat' dir='ltr'><strong>titulo:</strong></span> <span class='ocrx_word' id='word_1_12' title='bbox 400 747 477 808; x_wconf 89' lang='grc' dir='ltr'><strong>ΟΤΙ</strong></span> <span class='ocrx_word' id='word_1_13' title='bbox 499 751 772 814; x_wconf 77' lang='grc' dir='ltr'><em>ΚΑΛΛΙΣΤΟΝ</em></span> <span class='ocrx_word' id='word_1_14' title='bbox 792 752 823 813; x_wconf 93' lang='grc' dir='ltr'><strong><em>Γ</em></strong></span> <span class='ocrx_word' id='word_1_15' title='bbox 819 752 957 815; x_wconf 76' lang='grc' dir='ltr'><em>ΑΜΟΣ.</em></span> 
     </span>
    </p>
   </div>
   <div class='ocr_carea' id='block_1_3' title="bbox 185 1180 1323 2640">
    <p class='ocr_par' dir='ltr' id='par_1_3' title="bbox 185 1180 1323 2640">
     <span class='ocr_line' id='line_1_4' title="bbox 232 1180 935 1268; baseline 0 -16"><span class='ocrx_word' id='word_1_16' title='bbox 232 1187 319 1253; x_wconf 80' lang='lat' dir='ltr'><strong>stob.</strong></span> <span class='ocrx_word' id='word_1_17' title='bbox 343 1188 469 1263; x_wconf 81' lang='lat' dir='ltr'><strong>L1‚23</strong></span> <span class='ocrx_word' id='word_1_18' title='bbox 493 1186 702 1254; x_wconf 71' lang='grc' dir='ltr'><strong><em>Σωσιθέου</em></strong></span> <span class='ocrx_word' id='word_1_19' title='bbox 722 1185 756 1268; x_wconf 83' lang='grc' dir='ltr'><strong>ἐξ</strong></span> <span class='ocrx_word' id='word_1_20' title='bbox 780 1180 935 1255; x_wconf 73' lang='grc' dir='ltr'><strong><em>Ἀθλίου·</em></strong></span> 
     </span>
     <span class='ocr_line' id='line_1_5' title="bbox 394 1291 1008 1388; baseline -0.002 -21"><span class='ocrx_word' id='word_1_21' title='bbox 394 1293 451 1376; x_wconf 81' lang='grc' dir='ltr'><strong><em>Εἷς</em></strong></span> <span class='ocrx_word' id='word_1_22' title='bbox 471 1299 610 1384; x_wconf 84' lang='grc' dir='ltr'><em>μυρίους</em></span> <span class='ocrx_word' id='word_1_23' title='bbox 629 1291 768 1388; x_wconf 76' lang='grc' dir='ltr'><strong><em>ὄρνιθας</em></strong></span> <span class='ocrx_word' id='word_1_24' title='bbox 790 1292 884 1374; x_wconf 79' lang='grc' dir='ltr'><strong><em>οέετός</em></strong></span> <span class='ocrx_word' id='word_1_25' title='bbox 906 1302 1008 1381; x_wconf 74' lang='grc' dir='ltr'><strong><em>σοβεῖ,</em></strong></span> 
     </span>
     <span class='ocr_line' id='line_1_6' title="bbox 392 1399 1213 1501; baseline 0.002 -25"><span class='ocrx_word' id='word_1_26' title='bbox 392 1411 479 1476; x_wconf 81' lang='grc' dir='ltr'><strong><em>λαῶν</em></strong></span> <span class='ocrx_word' id='word_1_27' title='bbox 499 1433 536 1477; x_wconf 90' lang='grc' dir='ltr'><strong><em>τε</em></strong></span> <span class='ocrx_word' id='word_1_28' title='bbox 557 1410 697 1477; x_wconf 79' lang='grc' dir='ltr'><strong><em>δειλῶν</em></strong></span> <span class='ocrx_word' id='word_1_29' title='bbox 718 1411 848 1500; x_wconf 69' lang='grc' dir='ltr'><strong><em>πλῆθος</em></strong></span> <span class='ocrx_word' id='word_1_30' title='bbox 868 1399 912 1476; x_wconf 82' lang='grc' dir='ltr'><strong><em>εὖ</em></strong></span> <span class='ocrx_word' id='word_1_31' title='bbox 933 1409 1104 1501; x_wconf 86' lang='grc' dir='ltr'><strong><em>τραφείς</em></strong></span> <span class='ocrx_word' id='word_1_32' title='bbox 1125 1404 1213 1500; x_wconf 74' lang='grc' dir='ltr'><strong><em>ἀνήρ.</em></strong></span> 
     </span>
     <span class='ocr_line' id='line_1_7' title="bbox 234 1524 1318 1613; baseline 0.002 -22"><span class='ocrx_word' id='word_1_33' title='bbox 234 1525 399 1611; x_wconf 86' lang='lat' dir='ltr'><strong>Oppositio</strong></span> <span class='ocrx_word' id='word_1_34' title='bbox 420 1525 546 1591; x_wconf 87' lang='lat' dir='ltr'><strong>suadere</strong></span> <span class='ocrx_word' id='word_1_35' title='bbox 569 1525 709 1601; x_wconf 83' lang='lat' dir='ltr'><strong>videtur,</strong></span> <span class='ocrx_word' id='word_1_36' title='bbox 732 1530 768 1589; x_wconf 88' lang='lat' dir='ltr'><strong>ut</strong></span> <span class='ocrx_word' id='word_1_37' title='bbox 791 1525 987 1590; x_wconf 76' lang='lat' dir='ltr'><strong>Ses1n11nuu</strong></span> <span class='ocrx_word' id='word_1_38' title='bbox 1011 1524 1134 1589; x_wconf 77' lang='lat' dir='ltr'><strong>dedisse</strong></span> <span class='ocrx_word' id='word_1_39' title='bbox 1155 1532 1318 1613; x_wconf 85' lang='lat' dir='ltr'><strong>putemus:</strong></span> 
     </span>
     <span class='ocr_line' id='line_1_8' title="bbox 385 1629 1143 1727; baseline 0.003 -24"><span class='ocrx_word' id='word_1_40' title='bbox 385 1637 472 1704; x_wconf 81' lang='grc' dir='ltr'><strong><em>λαων</em></strong></span> <span class='ocrx_word' id='word_1_41' title='bbox 492 1660 529 1702; x_wconf 89' lang='grc' dir='ltr'><strong><em>τε</em></strong></span> <span class='ocrx_word' id='word_1_42' title='bbox 548 1637 664 1704; x_wconf 76' lang='grc' dir='ltr'><strong><em>δειλῶν</em></strong></span> <span class='ocrx_word' id='word_1_43' title='bbox 682 1637 813 1726; x_wconf 73' lang='grc' dir='ltr'><strong><em>πλῆθος</em></strong></span> <span class='ocrx_word' id='word_1_44' title='bbox 834 1629 1014 1726; x_wconf 67' lang='grc' dir='ltr'><strong><em>εὐθαρσῆ</em></strong></span> <span class='ocrx_word' id='word_1_45' title='bbox 1019 1660 1037 1713; x_wconf 94' lang='grc' dir='ltr'><strong><em>ς</em></strong></span> <span class='ocrx_word' id='word_1_46' title='bbox 1054 1629 1143 1727; x_wconf 76' lang='grc' dir='ltr'><strong><em>οίνήρ.</em></strong></span> 
     </span>
     <span class='ocr_line' id='line_1_9' title="bbox 234 1750 1320 1840; baseline 0.004 -24"><span class='ocrx_word' id='word_1_47' title='bbox 234 1753 397 1817; x_wconf 85' lang='lat' dir='ltr'><strong>Diversam</strong></span> <span class='ocrx_word' id='word_1_48' title='bbox 420 1775 484 1816; x_wconf 88' lang='lat' dir='ltr'><strong>esse</strong></span> <span class='ocrx_word' id='word_1_49' title='bbox 507 1752 658 1816; x_wconf 87' lang='lat' dir='ltr'><strong>rationem</strong></span> <span class='ocrx_word' id='word_1_50' title='bbox 682 1750 742 1815; x_wconf 85' lang='lat' dir='ltr'><strong>loci</strong></span> <span class='ocrx_word' id='word_1_51' title='bbox 757 1750 919 1838; x_wconf 82' lang='lat' dir='ltr'><strong>Euripidei</strong></span> <span class='ocrx_word' id='word_1_52' title='bbox 936 1750 1006 1838; x_wconf 88' lang='lat' dir='ltr'>Iph.</span> <span class='ocrx_word' id='word_1_53' title='bbox 1023 1752 1115 1817; x_wconf 73' lang='lat' dir='ltr'><strong>Taua.</strong></span> <span class='ocrx_word' id='word_1_54' title='bbox 1132 1776 1176 1819; x_wconf 88' lang='lat' dir='ltr'><strong>vs.</strong></span> <span class='ocrx_word' id='word_1_55' title='bbox 1193 1754 1258 1820; x_wconf 82' lang='lat'><strong>304</strong></span> <span class='ocrx_word' id='word_1_56' title='bbox 1274 1777 1320 1840; x_wconf 90' lang='lat' dir='ltr'><strong>sq.</strong></span> 
     </span>
     <span class='ocr_line' id='line_1_10' title="bbox 342 1857 1095 1953; baseline 0.004 -24"><span class='ocrx_word' id='word_1_57' title='bbox 342 1858 428 1953; x_wconf 85' lang='grc' dir='ltr'><strong><em>πρός</em></strong></span> <span class='ocrx_word' id='word_1_58' title='bbox 450 1862 660 1952; x_wconf 77' lang='grc' dir='ltr'><strong><em>εὐτραφεῖς</em></strong></span> <span class='ocrx_word' id='word_1_59' title='bbox 679 1857 741 1952; x_wconf 76' lang='grc' dir='ltr'><strong><em>γοὶρ</em></strong></span> <span class='ocrx_word' id='word_1_60' title='bbox 763 1862 817 1929; x_wconf 88' lang='grc' dir='ltr'><strong>καί</strong></span> <span class='ocrx_word' id='word_1_61' title='bbox 838 1862 963 1937; x_wconf 90' lang='grc' dir='ltr'><strong><em>νεανίας</em></strong></span> <span class='ocrx_word' id='word_1_62' title='bbox 983 1861 1095 1944; x_wconf 82' lang='grc' dir='ltr'><strong><em>ξένους</em></strong></span> 
     </span>
     <span class='ocr_line' id='line_1_11' title="bbox 343 1965 1193 2065; baseline -0.001 -24"><span class='ocrx_word' id='word_1_63' title='bbox 343 1968 491 2065; x_wconf 76' lang='grc' dir='ltr'><strong><em>φαύλους</em></strong></span> <span class='ocrx_word' id='word_1_64' title='bbox 511 1966 680 2059; x_wconf 72' lang='grc' dir='ltr'><strong><em>μάχεσθαι</em></strong></span> <span class='ocrx_word' id='word_1_65' title='bbox 700 1965 879 2058; x_wconf 75' lang='grc' dir='ltr'><strong><em>βουκόλους</em></strong></span> <span class='ocrx_word' id='word_1_66' title='bbox 898 1966 1084 2063; x_wconf 77' lang='grc' dir='ltr'><strong><em>ἡγοίμεθα,</em></strong></span> <span class='ocrx_word' id='word_1_67' title='bbox 1190 2052 1193 2057; x_wconf 25' lang='grc'><strong><em>,</em></strong></span> 
     </span>
     <span class='ocr_line' id='line_1_12' title="bbox 192 2089 1320 2177; baseline 0.002 -22"><span class='ocrx_word' id='word_1_68' title='bbox 192 2090 278 2155; x_wconf 85' lang='lat' dir='ltr'><strong>cadit</strong></span> <span class='ocrx_word' id='word_1_69' title='bbox 301 2090 334 2154; x_wconf 93' lang='lat' dir='ltr'><strong>in</strong></span> <span class='ocrx_word' id='word_1_70' title='bbox 358 2090 473 2156; x_wconf 84' lang='lat' dir='ltr'><strong>oeulos.</strong></span> <span class='ocrx_word' id='word_1_71' title='bbox 504 2090 555 2158; x_wconf 90' lang='lat' dir='ltr'><strong>Ibi</strong></span> <span class='ocrx_word' id='word_1_72' title='bbox 588 2090 671 2154; x_wconf 89' lang='lat' dir='ltr'><strong>enim</strong></span> <span class='ocrx_word' id='word_1_73' title='bbox 702 2089 740 2155; x_wconf 87' lang='lat' dir='ltr'><strong>de</strong></span> <span class='ocrx_word' id='word_1_74' title='bbox 768 2090 905 2176; x_wconf 84' lang='lat' dir='ltr'><strong>eorporis</strong></span> <span class='ocrx_word' id='word_1_75' title='bbox 936 2090 1062 2177; x_wconf 84' lang='lat' dir='ltr'><strong>vigore,</strong></span> <span class='ocrx_word' id='word_1_76' title='bbox 1086 2089 1139 2154; x_wconf 86' lang='lat' dir='ltr'><strong>hic</strong></span> <span class='ocrx_word' id='word_1_77' title='bbox 1162 2090 1200 2156; x_wconf 89' lang='lat' dir='ltr'><strong>de</strong></span> <span class='ocrx_word' id='word_1_78' title='bbox 1222 2092 1320 2159; x_wconf 88' lang='lat' dir='ltr'><strong>animi</strong></span> 
     </span>
     <span class='ocr_line' id='line_1_13' title="bbox 189 2203 1322 2300; baseline 0.001 -29"><span class='ocrx_word' id='word_1_79' title='bbox 189 2206 352 2294; x_wconf 85' lang='lat' dir='ltr'><strong>alacritate</strong></span> <span class='ocrx_word' id='word_1_80' title='bbox 375 2227 474 2270; x_wconf 83' lang='lat' dir='ltr'><strong>sermo</strong></span> <span class='ocrx_word' id='word_1_81' title='bbox 497 2211 554 2272; x_wconf 86' lang='lat' dir='ltr'><strong>est.</strong></span> <span class='ocrx_word' id='word_1_82' title='bbox 585 2203 684 2271; x_wconf 86' lang='lat' dir='ltr'><strong>Simul</strong></span> <span class='ocrx_word' id='word_1_83' title='bbox 707 2203 895 2270; x_wconf 89' lang='lat' dir='ltr'><strong>monendum</strong></span> <span class='ocrx_word' id='word_1_84' title='bbox 917 2205 951 2268; x_wconf 91' lang='lat' dir='ltr'><strong>in</strong></span> <span class='ocrx_word' id='word_1_85' title='bbox 973 2227 1031 2269; x_wconf 87' lang='lat' dir='ltr'><strong>usu</strong></span> <span class='ocrx_word' id='word_1_86' title='bbox 1050 2205 1146 2270; x_wconf 86' lang='lat' dir='ltr'><strong>fuisse</strong></span> <span class='ocrx_word' id='word_1_87' title='bbox 1167 2205 1322 2300; x_wconf 85' lang='lat' dir='ltr'><strong>adieetivu</strong></span> 
     </span>
     <span class='ocr_line' id='line_1_14' title="bbox 185 2309 1323 2415; baseline 0.002 -30"><span class='ocrx_word' id='word_1_88' title='bbox 185 2310 334 2415; x_wconf 72' lang='grc' dir='ltr'><strong><em>ατορβής</em></strong></span> <span class='ocrx_word' id='word_1_89' title='bbox 372 2326 404 2386; x_wconf 90' lang='lat' dir='ltr'><strong>et</strong></span> <span class='ocrx_word' id='word_1_90' title='bbox 438 2309 621 2407; x_wconf 74' lang='grc' dir='ltr'><strong><em>εόθαρσὴς,</em></strong></span> <span class='ocrx_word' id='word_1_91' title='bbox 663 2343 728 2385; x_wconf 94' lang='lat' dir='ltr'><strong>non</strong></span> <span class='ocrx_word' id='word_1_92' title='bbox 759 2342 830 2386; x_wconf 85' lang='lat' dir='ltr'><strong>vero</strong></span> <span class='ocrx_word' id='word_1_93' title='bbox 861 2320 982 2385; x_wconf 88' lang='lat' dir='ltr'><strong>ratione</strong></span> <span class='ocrx_word' id='word_1_94' title='bbox 1010 2320 1132 2385; x_wconf 87' lang='lat' dir='ltr'><strong>inversa</strong></span> <span class='ocrx_word' id='word_1_95' title='bbox 1161 2311 1323 2410; x_wconf 75' lang='grc' dir='ltr'><strong><em>ειῖταρδής</em></strong></span> 
     </span>
     <span class='ocr_line' id='line_1_15' title="bbox 188 2418 1322 2531; baseline 0.001 -33"><span class='ocrx_word' id='word_1_96' title='bbox 188 2456 289 2519; x_wconf 87' lang='lat' dir='ltr'><strong>neque</strong></span> <span class='ocrx_word' id='word_1_97' title='bbox 310 2423 477 2523; x_wconf 75' lang='grc' dir='ltr'><strong>ιοἶθαρσὴς.</strong></span> <span class='ocrx_word' id='word_1_98' title='bbox 506 2434 577 2511; x_wconf 85' lang='lat' dir='ltr'><strong>Hoc</strong></span> <span class='ocrx_word' id='word_1_99' title='bbox 600 2439 723 2514; x_wconf 87' lang='lat' dir='ltr'><strong>tantum</strong></span> <span class='ocrx_word' id='word_1_100' title='bbox 747 2435 907 2507; x_wconf 78' lang='lat' dir='ltr'><strong>invenitus</strong></span> <span class='ocrx_word' id='word_1_101' title='bbox 937 2434 1018 2522; x_wconf 83' lang='lat' dir='ltr'><strong>apud</strong></span> <span class='ocrx_word' id='word_1_102' title='bbox 1042 2418 1211 2531; x_wconf 58' lang='lat' dir='ltr'><strong>sessiones,</strong></span> <span class='ocrx_word' id='word_1_103' title='bbox 1242 2434 1322 2500; x_wconf 88' lang='lat' dir='ltr'><strong>illud</strong></span> 
     </span>
     <span class='ocr_line' id='line_1_16' title="bbox 189 2570 392 2640; baseline 0.005 -27"><span class='ocrx_word' id='word_1_104' title='bbox 189 2570 351 2640; x_wconf 80' lang='lat' dir='ltr'><strong>nusquam.</strong></span> <span class='ocrx_word' id='word_1_105' title='bbox 388 2585 392 2588; x_wconf 91' lang='lat'><strong>·</strong></span> 
     </span>
    </p>
   </div>
   <div class='ocr_carea' id='block_1_4' title="bbox 234 2858 1323 2985">
    <p class='ocr_par' dir='ltr' id='par_1_4' title="bbox 234 2858 1323 2985">
     <span class='ocr_line' id='line_1_17' title="bbox 234 2858 1323 2985; baseline -0.002 -24"><span class='ocrx_word' id='word_1_106' title='bbox 234 2894 349 2961; x_wconf 82' lang='lat' dir='ltr'><strong>Athen.</strong></span> <span class='ocrx_word' id='word_1_107' title='bbox 373 2897 424 2975; x_wconf 85' lang='lat' dir='ltr'><strong>X,</strong></span> <span class='ocrx_word' id='word_1_108' title='bbox 459 2919 490 2982; x_wconf 88' lang='lat' dir='ltr'><strong>p.</strong></span> <span class='ocrx_word' id='word_1_109' title='bbox 520 2901 585 2963; x_wconf 80' lang='lat'><strong>420</strong></span> <span class='ocrx_word' id='word_1_110' title='bbox 617 2897 654 2962; x_wconf 93' lang='grc' dir='ltr'><strong>Β.</strong></span> <span class='ocrx_word' id='word_1_111' title='bbox 686 2888 907 2985; x_wconf 78' lang='grc' dir='ltr'><strong><em>Λυκόφρων</em></strong></span> <span class='ocrx_word' id='word_1_112' title='bbox 937 2889 954 2962; x_wconf 87' lang='grc' dir='ltr'>ὁ</span> <span class='ocrx_word' id='word_1_113' title='bbox 983 2858 1166 2971; x_wconf 75' lang='grc' dir='ltr'><strong><em>Χαλκιδείς</em></strong></span> <span class='ocrx_word' id='word_1_114' title='bbox 1187 2885 1323 2984; x_wconf 73' lang='grc' dir='ltr'><strong><em>γράψας</em></strong></span> 
     </span>
    </p>
   </div>
   <div class='ocr_carea' id='block_1_5' title="bbox 188 3001 1116 3321">
    <p class='ocr_par' dir='ltr' id='par_1_5' title="bbox 188 3001 1116 3321">
     <span class='ocr_line' id='line_1_18' title="bbox 188 3001 626 3104; baseline 0.002 -29"><span class='ocrx_word' id='word_1_115' title='bbox 188 3001 354 3097; x_wconf 84' lang='grc' dir='ltr'><strong><em>σατόρους</em></strong></span> <span class='ocrx_word' id='word_1_116' title='bbox 373 3009 626 3104; x_wconf 80' lang='grc' dir='ltr'><strong><em>Μενέδημον·</em></strong></span> 
     </span>
     <span class='ocr_line' id='line_1_19' title="bbox 654 3113 896 3187; baseline -0.012 0"><span class='ocrx_word' id='word_1_117' title='bbox 654 3113 736 3187; x_wconf 76' lang='grc' dir='ltr'><strong><em>οἶλλᾶ</em></strong></span> <span class='ocrx_word' id='word_1_118' title='bbox 756 3118 896 3187; x_wconf 76' lang='grc' dir='ltr'><strong><em>κυλίκιον</em></strong></span> 
     </span>
     <span class='ocr_line' id='line_1_20' title="bbox 387 3222 1116 3321; baseline -0.005 -22"><span class='ocrx_word' id='word_1_119' title='bbox 387 3226 507 3321; x_wconf 80' lang='grc' dir='ltr'><strong><em>ὑδαρὲς</em></strong></span> <span class='ocrx_word' id='word_1_120' title='bbox 527 3225 547 3300; x_wconf 83' lang='grc' dir='ltr'><strong><em>ό</em></strong></span> <span class='ocrx_word' id='word_1_121' title='bbox 569 3240 648 3309; x_wconf 87' lang='grc' dir='ltr'><strong><em>παῖς</em></strong></span> <span class='ocrx_word' id='word_1_122' title='bbox 669 3233 805 3321; x_wconf 83' lang='grc' dir='ltr'><strong><em>περιῆγε</em></strong></span> <span class='ocrx_word' id='word_1_123' title='bbox 825 3231 885 3297; x_wconf 82' lang='grc' dir='ltr'><strong>τοῦ</strong></span> <span class='ocrx_word' id='word_1_124' title='bbox 906 3222 1116 3313; x_wconf 73' lang='grc' dir='ltr'><strong><em>πεντωβόλου</em></strong></span> 
     </span>
    </p>
   </div>
   <div class='ocr_carea' id='block_1_6' title="bbox 186 3337 1326 4453">
    <p class='ocr_par' dir='ltr' id='par_1_6' title="bbox 390 3337 877 3433">
     <span class='ocr_line' id='line_1_21' title="bbox 390 3337 877 3433; baseline -0.004 -23"><span class='ocrx_word' id='word_1_125' title='bbox 390 3338 540 3433; x_wconf 78' lang='grc' dir='ltr'><strong><em>οἷτρέμα</em></strong></span> <span class='ocrx_word' id='word_1_126' title='bbox 560 3337 792 3433; x_wconf 82' lang='grc' dir='ltr'><strong><em>παρεξεςηκός.</em></strong></span> <span class='ocrx_word' id='word_1_127' title='bbox 814 3341 877 3409; x_wconf 77' lang='grc' dir='ltr'><strong>κτὲ.</strong></span> 
     </span>
    </p>

    <p class='ocr_par' dir='ltr' id='par_1_7' title="bbox 186 3456 1323 3778">
     <span class='ocr_line' id='line_1_22' title="bbox 236 3456 1321 3546; baseline -0.003 -23"><span class='ocrx_word' id='word_1_128' title='bbox 236 3460 374 3525; x_wconf 79' lang='lat' dir='ltr'><strong>Vertunt</strong></span> <span class='ocrx_word' id='word_1_129' title='bbox 405 3461 501 3525; x_wconf 78' lang='lat' dir='ltr'><strong>nvini</strong></span> <span class='ocrx_word' id='word_1_130' title='bbox 527 3460 632 3546; x_wconf 83' lang='lat' dir='ltr'>vapidi</span> <span class='ocrx_word' id='word_1_131' title='bbox 650 3461 893 3544; x_wconf 67' lang='lat' dir='ltr'><em>propemodum</em></span> <span class='ocrx_word' id='word_1_132' title='bbox 920 3461 952 3521; x_wconf 86' lang='lat' dir='ltr'><strong>at</strong></span> <span class='ocrx_word' id='word_1_133' title='bbox 971 3456 1031 3522; x_wconf 86' lang='lat' dir='ltr'><strong>hoe</strong></span> <span class='ocrx_word' id='word_1_134' title='bbox 1053 3480 1145 3522; x_wconf 86' lang='lat' dir='ltr'><strong>sensu</strong></span> <span class='ocrx_word' id='word_1_135' title='bbox 1170 3458 1321 3522; x_wconf 82' lang='lat' dir='ltr'><strong>Graecum</strong></span> 
     </span>
     <span class='ocr_line' id='line_1_23' title="bbox 186 3550 1323 3661; baseline -0.007 -19"><span class='ocrx_word' id='word_1_136' title='bbox 186 3582 254 3652; x_wconf 84' lang='lat' dir='ltr'><strong>est,</strong></span> <span class='ocrx_word' id='word_1_137' title='bbox 276 3574 358 3661; x_wconf 89' lang='lat' dir='ltr'><strong>quod</strong></span> <span class='ocrx_word' id='word_1_138' title='bbox 382 3574 464 3640; x_wconf 84' lang='lat' dir='ltr'><strong>haud</strong></span> <span class='ocrx_word' id='word_1_139' title='bbox 486 3575 579 3640; x_wconf 88' lang='lat' dir='ltr'><strong>dubie</strong></span> <span class='ocrx_word' id='word_1_140' title='bbox 595 3581 700 3661; x_wconf 88' lang='lat' dir='ltr'><strong>poetae</strong></span> <span class='ocrx_word' id='word_1_141' title='bbox 720 3573 922 3639; x_wconf 85' lang='lat' dir='ltr'><strong>reddendum:</strong></span> <span class='ocrx_word' id='word_1_142' title='bbox 946 3570 1071 3660; x_wconf 82' lang='grc' dir='ltr'><strong><em>η’ρέμα</em></strong></span> <span class='ocrx_word' id='word_1_143' title='bbox 1092 3550 1323 3658; x_wconf 82' lang='grc' dir='ltr'><strong><em>παρεξεςηκός.</em></strong></span> 
     </span>
     <span class='ocr_line' id='line_1_24' title="bbox 188 3680 1299 3778; baseline -0.008 -22"><span class='ocrx_word' id='word_1_144' title='bbox 188 3691 316 3777; x_wconf 89' lang='lat' dir='ltr'><strong>Opponi</strong></span> <span class='ocrx_word' id='word_1_145' title='bbox 345 3689 446 3754; x_wconf 84' lang='lat' dir='ltr'><strong>solent</strong></span> <span class='ocrx_word' id='word_1_146' title='bbox 470 3680 625 3778; x_wconf 89' lang='grc' dir='ltr'><strong><em>σφόδρα,</em></strong></span> <span class='ocrx_word' id='word_1_147' title='bbox 648 3686 833 3768; x_wconf 70' lang='grc' dir='ltr'><strong><em>παντελεῖς,</em></strong></span> <span class='ocrx_word' id='word_1_148' title='bbox 857 3689 980 3752; x_wconf 82' lang='lat' dir='ltr'><strong>similia.</strong></span> <span class='ocrx_word' id='word_1_149' title='bbox 1003 3687 1182 3770; x_wconf 80' lang='lat' dir='ltr'><strong>Sequuntur</strong></span> <span class='ocrx_word' id='word_1_150' title='bbox 1212 3683 1299 3748; x_wconf 86' lang='lat' dir='ltr'><strong>haec:</strong></span> 
     </span>
    </p>

    <p class='ocr_par' dir='ltr' id='par_1_8' title="bbox 398 3790 1178 4113">
     <span class='ocr_line' id='line_1_25' title="bbox 660 3790 914 3888; baseline 0.008 -24"><span class='ocrx_word' id='word_1_151' title='bbox 660 3790 729 3864; x_wconf 76' lang='grc' dir='ltr'><strong>ἆτ’</strong></span> <span class='ocrx_word' id='word_1_152' title='bbox 749 3790 914 3888; x_wconf 78' lang='grc' dir='ltr'><strong><em>ἀλιτήριος</em></strong></span> 
     </span>
     <span class='ocr_line' id='line_1_26' title="bbox 398 3903 1026 4000; baseline 0 -23"><span class='ocrx_word' id='word_1_153' title='bbox 398 3912 452 3978; x_wconf 86' lang='grc' dir='ltr'><strong>καί</strong></span> <span class='ocrx_word' id='word_1_154' title='bbox 472 3903 662 3999; x_wconf 76' lang='grc' dir='ltr'><strong><em>δημόκοινος</em></strong></span> <span class='ocrx_word' id='word_1_155' title='bbox 683 3907 859 4000; x_wconf 76' lang='grc' dir='ltr'><strong><em>ἐπεχόρευε</em></strong></span> <span class='ocrx_word' id='word_1_156' title='bbox 881 3903 1026 3999; x_wconf 64' lang='grc' dir='ltr'><strong><em>δαψιλής</em></strong></span> 
     </span>
     <span class='ocr_line' id='line_1_27' title="bbox 398 4013 1178 4113; baseline -0.003 -25"><span class='ocrx_word' id='word_1_157' title='bbox 398 4023 526 4113; x_wconf 73' lang='grc' dir='ltr'><strong><em>θέρμος</em></strong></span> <span class='ocrx_word' id='word_1_158' title='bbox 547 4013 691 4111; x_wconf 78' lang='grc' dir='ltr'><strong><em>πενήτων</em></strong></span> <span class='ocrx_word' id='word_1_159' title='bbox 709 4022 761 4088; x_wconf 85' lang='grc' dir='ltr'><strong>καί</strong></span> <span class='ocrx_word' id='word_1_160' title='bbox 784 4022 978 4112; x_wconf 87' lang='grc' dir='ltr'><strong><em>τρικλίνου</em></strong></span> <span class='ocrx_word' id='word_1_161' title='bbox 999 4015 1178 4109; x_wconf 88' lang='grc' dir='ltr'><strong><em>συμπότης.</em></strong></span> 
     </span>
    </p>

    <p class='ocr_par' dir='ltr' id='par_1_9' title="bbox 189 4131 1326 4453">
     <span class='ocr_line' id='line_1_28' title="bbox 237 4131 1326 4224; baseline -0.006 -20"><span class='ocrx_word' id='word_1_162' title='bbox 237 4139 352 4205; x_wconf 83' lang='lat' dir='ltr'><strong>Athen</strong></span> <span class='ocrx_word' id='word_1_163' title='bbox 379 4140 433 4215; x_wconf 87' lang='lat' dir='ltr'><strong>H,</strong></span> <span class='ocrx_word' id='word_1_164' title='bbox 468 4162 496 4224; x_wconf 88' lang='lat' dir='ltr'><strong>p.</strong></span> <span class='ocrx_word' id='word_1_165' title='bbox 529 4143 570 4202; x_wconf 88' lang='lat'><strong>55</strong></span> <span class='ocrx_word' id='word_1_166' title='bbox 603 4138 642 4201; x_wconf 92' lang='lat' dir='ltr'><strong>D.</strong></span> <span class='ocrx_word' id='word_1_167' title='bbox 665 4137 794 4202; x_wconf 90' lang='lat' dir='ltr'><strong>eundem</strong></span> <span class='ocrx_word' id='word_1_168' title='bbox 828 4137 930 4201; x_wconf 83' lang='lat' dir='ltr'><strong>locum</strong></span> <span class='ocrx_word' id='word_1_169' title='bbox 965 4139 1092 4202; x_wconf 84' lang='lat' dir='ltr'><strong>afferens</strong></span> <span class='ocrx_word' id='word_1_170' title='bbox 1125 4136 1233 4201; x_wconf 89' lang='lat' dir='ltr'><strong>habet:</strong></span> <span class='ocrx_word' id='word_1_171' title='bbox 1271 4131 1326 4200; x_wconf 87' lang='grc' dir='ltr'><strong>καὶ</strong></span> 
     </span>
     <span class='ocr_line' id='line_1_29' title="bbox 189 4242 1323 4340; baseline -0.002 -24"><span class='ocrx_word' id='word_1_172' title='bbox 189 4251 396 4340; x_wconf 91' lang='grc' dir='ltr'><strong><em>τρικλίνων</em></strong></span> <span class='ocrx_word' id='word_1_173' title='bbox 419 4242 598 4338; x_wconf 89' lang='grc' dir='ltr'><strong><em>συμπότης.</em></strong></span> <span class='ocrx_word' id='word_1_174' title='bbox 620 4253 654 4316; x_wconf 85' lang='lat' dir='ltr'><strong>Si</strong></span> <span class='ocrx_word' id='word_1_175' title='bbox 678 4252 767 4318; x_wconf 87' lang='lat' dir='ltr'><strong>locus</strong></span> <span class='ocrx_word' id='word_1_176' title='bbox 783 4274 876 4316; x_wconf 85' lang='lat' dir='ltr'><strong>sanus</strong></span> <span class='ocrx_word' id='word_1_177' title='bbox 899 4257 989 4331; x_wconf 86' lang='lat' dir='ltr'><strong>esset,</strong></span> <span class='ocrx_word' id='word_1_178' title='bbox 1011 4251 1086 4317; x_wconf 82' lang='lat' dir='ltr'><strong>hinc</strong></span> <span class='ocrx_word' id='word_1_179' title='bbox 1109 4253 1242 4316; x_wconf 82' lang='lat' dir='ltr'><strong>efficeres</strong></span> <span class='ocrx_word' id='word_1_180' title='bbox 1265 4253 1323 4315; x_wconf 78' lang='lat' dir='ltr'><strong>tri-</strong></span> 
     </span>
     <span class='ocr_line' id='line_1_30' title="bbox 190 4366 1324 4453; baseline 0 -25"><span class='ocrx_word' id='word_1_181' title='bbox 190 4367 302 4430; x_wconf 76' lang='lat' dir='ltr'><strong>cliniis</strong></span> <span class='ocrx_word' id='word_1_182' title='bbox 332 4366 413 4430; x_wconf 82' lang='lat' dir='ltr'><strong>solos</strong></span> <span class='ocrx_word' id='word_1_183' title='bbox 445 4389 591 4453; x_wconf 81' lang='lat' dir='ltr'><strong>pauperes</strong></span> <span class='ocrx_word' id='word_1_184' title='bbox 627 4390 699 4431; x_wconf 83' lang='lat' dir='ltr'><strong>usos</strong></span> <span class='ocrx_word' id='word_1_185' title='bbox 736 4369 839 4432; x_wconf 82' lang='lat' dir='ltr'><strong>fuisse.</strong></span> <span class='ocrx_word' id='word_1_186' title='bbox 874 4370 917 4432; x_wconf 89' lang='lat' dir='ltr'><strong>At</strong></span> <span class='ocrx_word' id='word_1_187' title='bbox 952 4368 1055 4432; x_wconf 85' lang='lat' dir='ltr'><strong>eadem</strong></span> <span class='ocrx_word' id='word_1_188' title='bbox 1091 4369 1123 4432; x_wconf 92' lang='lat' dir='ltr'><strong>in</strong></span> <span class='ocrx_word' id='word_1_189' title='bbox 1147 4390 1205 4431; x_wconf 86' lang='lat' dir='ltr'><strong>usu</strong></span> <span class='ocrx_word' id='word_1_190' title='bbox 1228 4367 1324 4430; x_wconf 85' lang='lat' dir='ltr'><strong>fuisse</strong></span> 
     </span>
    </p>
   </div>
   <div class='ocr_carea' id='block_1_7' title="bbox 1157 4500 1172 4547">
    <p class='ocr_par' dir='ltr' id='par_1_10' title="bbox 1157 4500 1172 4547">
     <span class='ocr_line' id='line_1_31' title="bbox 1157 4500 1172 4547; baseline 0 0"><span class='ocrx_word' id='word_1_191' title='bbox 1157 4500 1172 4547; x_wconf 85' lang='grc'><strong>6</strong></span> 
     </span>
    </p>
   </div>
   <div class='ocr_carea' id='block_1_8' title="bbox 0 0 1532 5264">
    <p class='ocr_par' dir='ltr' id='par_1_11' title="bbox 0 0 1532 5264">
     <span class='ocr_line' id='line_1_32' title="bbox 0 0 1532 5264; baseline 0 0"><span class='ocrx_word' id='word_1_192' title='bbox 0 0 1532 5264; x_wconf 95' lang='lat' dir='ltr'><strong> </strong></span> 
     </span>
    </p>
   </div>
  </div>
 </body>
</html>
