3024 5264
840 439 881 499 28

338 609 516 678 Meinelrius
538 633 583 676 vs.
607 611 626 677 2
651 608 845 677 scribendum
871 612 1063 700 suspicatur:

518 727 621 814 θειῷ
643 718 766 809 §terge
785 716 906 817 ἱμέρῳ
930 717 1166 816 τεθραμμένος.

339 840 465 908 Μολίονε

510 946 605 1045 ἤθει
624 948 748 1037 ξύνεςιν
765 945 899 1047 ἡμέρῳ
926 947 1178 1048 κεκραμένος.

295 1071 396 1137 Omisi
420 1094 488 1136 cnm
514 1071 651 1159 Bergkio
676 1093 719 1136 vs.
743 1073 780 1148 3,
803 1073 857 1157 qui
880 1072 942 1138 huc
964 1097 1026 1142 non
1050 1076 1210 1162 pertineat.

789 1281 930 1296 ῃ

340 1421 455 1488 Athen.
489 1421 540 1487 XI
574 1445 603 1508 p.
638 1422 702 1488 783
739 1421 805 1488 lin:
829 1410 960 1509 λέγουσι
987 1423 1025 1490 δὲ
1053 1422 1107 1490 καὶ
1134 1414 1289 1510 πρόχουν
1308 1413 1430 1516 ὅροςιν.

297 1536 482 1627 Σοφοκλῆς·
615 1614 616 1618 ¹

496 1639 594 1737 ’κακῆ
614 1647 719 1722 κακῶς
738 1639 779 1714 σύ
797 1641 885 1731 πρὸς
901 1650 989 1715 θεῶν
1006 1641 1177 1739 ὀλουμένη,

500 1753 521 1851 ἢ
539 1753 598 1836 τοὶς
615 1750 745 1848 &pigner
764 1751 823 1828 ὧδ’
837 1755 945 1846 spond
966 1758 1142 1848 ἐκώμασας.

340 1877 390 1943 Ex
422 1877 550 1964 ingenio
582 1875 687 1941 addidi
712 1868 807 1967 κακή,
842 1877 922 1962 quod
956 1878 1041 1944 abest
1076 1900 1092 1943 a
1127 1877 1301 1952 codicibus,
1333 1877 1433 1966 quod·

296 2017 356 2081 que
378 2016 438 2080 quo
462 2016 562 2059 errore
584 1992 750 2071 exciderit,
774 1993 873 2082 palam
897 2000 952 2060 est.
978 1996 1091 2061 Mirum
1116 1997 1336 2062 correctionem
1358 1993 1433 2060 adeo

297 2116 410 2177 certam
442 2110 624 2196 facilemque
646 2133 709 2176 non
732 2109 912 2176 iamdudum
936 2110 974 2177 ab
997 2112 1067 2178 aliis
1090 2135 1155 2179 esse
1184 2114 1305 2178 factam.

342 2452 426 2519 Plut.
450 2449 561 2516 Morel.
589 2472 618 2537 p.
643 2453 725 2518 458:
752 2450 805 2517 καὶ
837 2445 893 2519 τον
923 2444 1157 2537 Νεοπτόλεμον
1190 2452 1361 2542 Σοφοκλῆς
1381 2450 1435 2518 καὶ

297 2560 354 2633 τόν
376 2555 568 2655 Εὐρύπυλον
589 2555 730 2640 ὁπλίσας
756 2555 973 2650 νἘκόμπασ’
995 2555 1261 2656 ἇλοιδόρηται
1285 2566 1388 2655 φησίν

526 2668 703 2767 ἐρρηξάτην
723 2677 756 2753 ἐς
777 2668 875 2744 κύκλα
895 2677 1038 2764 χαλκέων
1059 2673 1177 2745 ὅπλων.

343 2792 496 2860 Codicum
519 2793 652 2880 vestigia
675 2815 815 2880 premens
839 2796 979 2860 conieci:

855 2898 1085 2998 μεσομφάλοις
1105 2896 1186 2998 δόρη

527 3008 705 3108 ἐρρηξάτην
724 3010 903 3088 κύκλοισι
922 3019 1066 3106 χαλκέων
1087 3012 1206 3087 ὅπλων.

298 3135 320 3202 i.
354 3157 378 3201 e.
402 3136 571 3220 serperent
615 3137 724 3201 hastas
758 3145 863 3202 contra
894 3137 1023 3224 clypeos.
1061 3135 1171 3226 clypei
1195 3157 1266 3200 vero
1301 3157 1318 3199 ο
1346 3138 1436 3221 poeta

299 3257 407 3318 ornate
439 3250 588 3317 dicuntur
610 3240 821 3341 μεσόμφαλοι
843 3242 951 3336 κύκλοι
972 3248 1114 3335 χαλκέων
1136 3243 1256 3318 ὅπλων.
1285 3251 1437 3318 Similiter

300 3367 452 3456 Agathias
482 3366 572 3454 apud.
604 3366 718 3433 Athen.
747 3366 795 3433 X:
825 3367 892 3433 454
923 3366 952 3431 d.
979 3365 1100 3432 literam
1132 3365 1161 3430 Θ
1192 3371 1283 3431 vocat
1315 3354 1439 3460 μεσόμ-

301 3480 408 3570 φαλον
436 3475 568 3566 κύκλον,
591 3484 704 3570 quippe
727 3506 804 3569 quae
843 3483 943 3570 clypei
977 3484 1107 3549 formam
1140 3488 1283 3548 accurate
1317 3481 1438 3546 referat.

300 3595 483 3682 Corruptelr
506 3597 551 3663 sic
576 3598 699 3665 videtur
721 3599 922 3684 explicanda,
944 3603 980 3664 ut
995 3621 1145 3686 ponamus
1160 3596 1320 3663 librarium
1333 3596 1439 3662 nescio

301 3735 391 3798 quem
414 3712 489 3778 olim
513 3714 545 3778 in
569 3715 650 3782 libro
674 3717 738 3781 situ
765 3739 800 3781 ac
833 3714 955 3780 madore
984 3721 1146 3801 corrupto,
1181 3714 1336 3780 invenisse
1358 3712 1439 3778 hanc

301 3831 504 3916 scripturam:
544 3833 1017 3901 ..Ε..ΟΜ..ΑΛοΙ..ΛοΡΗ
1037 3835 1183 3895 ΦΗΣΙΝ
1225 3835 1256 3895 et
1295 3831 1332 3897 de
1369 3851 1439 3894 sen-

301 3945 400 4011 tentia
424 3967 564 4011 securum
593 3945 782 4032 supplevisse
805 3931 964 4026 ἐκόμπασ’
986 3931 1180 4031 οἶλοιδόρητᾶ
1203 3943 1319 4033 φησίν,
1343 3967 1437 4029 quum

303 4061 458 4126 debuisset
486 4050 716 4150 μεσομφάλοις
741 4048 823 4146 δόρη
847 4052 963 4144 φησίν,
994 4061 1025 4120 et
1047 4056 1191 4123 similiter
1213 4082 1256 4125 vs.
1281 4062 1317 4138 2,
1341 4083 1435 4146 quum

302 4181 473 4267 superesset
495 4180 633 4250 KYKA,
654 4173 845 4261 supplevisse
865 4167 898 4243 ἐς
917 4163 1016 4239 κύκλα
1033 4194 1088 4260 pro
1113 4164 1265 4240 κὺκλοισι.
