3024 5264
641 469 701 534 167

110 645 270 725 postquam
295 641 368 705 haec
397 644 516 730 scripsi,
546 645 635 709 video
658 645 738 710 idem
758 645 815 710 iarn
840 646 994 732 placuisse
1028 647 1177 713 Dobraeo.
1200 650 1242 714 Et

109 756 226 840 optimo
249 757 315 821 iure
337 758 476 842 quidem;
496 764 569 823 sunt
591 762 671 825 enirn
695 760 785 846 piane
805 761 945 827 ridicula.

144 867 169 995 'i
203 873 265 933 243
308 878 377 958 post
422 864 602 940 ἀσθενοῦσι
631 873 689 956 μέν
728 877 795 942 dele
828 879 1136 965 interpretamentum
1171 882 1243 953 τοῖς

110 1004 289 1063 καμνοοσιν.

156 1424 205 1487 Du
229 1425 338 1490 Pensa
362 1429 558 1494 Lucumone
582 1442 594 1514 t
618 1432 680 1494 97:
713 1434 764 1494 νῦν
795 1422 825 1495 d'
856 1421 946 1513 οἶμαι
975 1431 1106 1497 πολλῶν
1137 1435 1243 1510 αἴτιος

110 1524 214 1611 οἶτος.
235 1541 311 1605 Post
331 1540 459 1607 πολλῶν
479 1545 621 1630 suspicor
650 1546 803 1611 excidisse
826 1544 985 1612 vocabuli:
1019 1543 1082 1608 καὶ
1111 1547 1240 1610 κακῶν.

109 1649 247 1719 Plurima
283 1662 330 1722 est
358 1656 387 1722 h.
411 1659 431 1724 l.
454 1661 485 1723 in
511 1661 569 1725 MS
601 1663 732 1727 varietas
765 1660 896 1728 πολλῶν
923 1659 1028 1732 αἴτιος
1051 1647 1146 1731 οὗτος
1173 1660 1239 1724 ΣΦ.

108 1768 168 1831 Sed
192 1775 220 1833 Σ
240 1771 299 1837 hab
330 1774 362 1837 in
388 1797 449 1861 mg.
468 1797 519 1861 γρ.
540 1774 670 1840 πολλῶν
687 1775 791 1839 κακῶν
813 1764 908 1848 οὗτος
930 1775 1043 1847 αἴτιος.
1065 1771 1184 1838 Contra
1208 1774 1240 1836 in

109 1882 156 1947 Φι
173 1905 223 1968 γρ.
245 1885 371 1950 πολλῶν
384 1879 489 1952 ἄλλων
508 1885 555 1958 ἐςι
573 1888 675 1952 κακῶν
690 1888 795 1962 αἴτιος
811 1877 916 1960 οὗτος.
939 1888 1132 1952 Deteriorum
1146 1888 1240 1953 libro-

108 2020 174 2061 rum
218 2000 386 2085 scripturas
426 2000 537 2065 addere
578 2001 658 2065 nihil
682 2001 803 2066 attinet.

152 2121 163 2194 ᾗ
187 2116 250 2178 113
274 2114 340 2178 dele
362 2115 622 2203 supplementum:
646 2113 712 2181 ἀλλ’
732 2113 892 2203 Αἰσχίνης
912 2112 1033 2182 οὑτοσί.

152 2234 164 2307 t
190 2230 268 2292 119:
292 2221 381 2292 ταῦτ’
401 2222 475 2313 οὐχὶ
495 2231 560 2315 βοᾷ
581 2228 648 2304 [καὶ
667 2228 766 2313 λέγει]
787 2223 838 2294 ὅτι
858 2225 922 2293 na.

151 2344 163 2416 i
177 2345 238 2408 115
250 2368 256 2407 :
268 2335 381 2429 ἐπειδή
397 2339 425 2407 d’
444 2333 658 2408 οἷπολῶλεσαν
679 2341 712 2407 οἱ
734 2341 850 2427 Φωκῆς
871 2333 989 2426 ὕςερον
1008 2336 1141 2427 ἠμέῃαις
1153 2330 1241 2404 πέντ’

105 2447 188 2542 ἢὲξ,
209 2455 262 2520 καί
282 2454 376 2529 τέλος
396 2445 463 2538 εἶχε
480 2449 517 2520 cd
532 2455 693 2537 μίσθωμα
714 2449 849 2541 ῶσπερ
870 2447 910 2516 ὀίν
930 2445 1023 2518 ἄλλο
1045 2476 1082 2516 τι
1101 2443 1238 2535 τούτῳ,

104 2567 159 2631 καὶ
179 2560 198 2633 ὁ
217 2567 380 2655 Δέρκυλος
396 2563 458 2631 κτέ.
470 2568 583 2633 Latere
596 2570 751 2654 suspicor:
763 2566 817 2631 καὶ
830 2564 924 2639 τέλος
937 2557 1004 2647 εἶχε
1017 2559 1055 2628 cd
1068 2562 1239 2645 μίσθωμα,

105 2671 241 2767 ῶσπερ
262 2672 304 2744 ῶν
326 2673 530 2768 έργολοίβῳ
551 2706 637 2759 τινι,
659 2677 827 2763 τουτῳί,
850 2675 995 2757 scinci„
1017 2678 1151 2764 quaesic
1171 2700 1239 2742 cor·

104 2799 188 2858 rectu
212 2794 377 2880 interprete
399 2817 461 2859 non
486 2801 585 2882 egent.

150 2911 162 2984 i
187 2910 271 2974 136:
294 2902 340 2982 ῶς
362 2901 380 2974 ὁ
400 2908 457 2990 μέν
477 2911 578 2996 δῆμος
605 2907 668 2980 έςιν
698 2898 967 2995 α’ςαθμῃτότατον
1006 2908 1143 2996 πρᾶγμα
1174 2908 1239 2972 τῶν

102 3016 231 3086 πάντων
250 3020 303 3086 καί
323 3012 591 3086 ἀσυνθετώτατον
612 3012 727 3105 ὥσπερ
747 3042 779 3084 εν
808 3010 956 3106 θαλάττῃ
988 3022 1112 3101 πνεῦμα
1142 3021 1238 3107 (κῦμα

104 3135 230 3209 Markl.)
264 3124 462 3213 ῶκατᾶςατον
493 3128 537 3208 ῶς
566 3127 604 3197 dv
624 3123 704 3218 τύχῃ
730 3123 920 3214 κινούμενον.
954 3133 1065 3196 Mirum
1090 3137 1236 3218 quantam

104 3273 174 3315 curn
206 3249 254 3314 his
299 3248 533 3313 similitudinem
578 3248 715 3312 referunt
750 3247 840 3312 verba
874 3233 985 3313 incerti
1019 3254 1124 3334 poetae
1154 3247 1236 3333 apud

104 3367 198 3430 Dion.
221 3365 330 3449 Chrys.
353 3367 405 3430 Or·
430 3363 566 3428 XXXII
590 3386 617 3448 p.
639 3366 704 3427 664
724 3363 771 3428 ed.
790 3363 917 3443 uersu,
939 3385 1018 3448 quae
1041 3363 1132 3428 verba
1155 3362 1236 3427 Mei·

103 3481 212 3545 nekius
238 3482 284 3546 sic
312 3481 477 3545 constituit
500 3481 532 3543 in
557 3479 678 3565 Fragm.
703 3501 777 3543 com.
803 3481 911 3544 Graec.
936 3487 1002 3543 tom
1026 3480 1075 3544 IV
1100 3502 1128 3565 p.
1153 3478 1234 3560 ulo:

779 3593 883 3679 δῆμος
903 3584 1020 3662 decano
1039 3587 1132 3658 κακόν

204 3704 257 3769 καὶ
276 3696 423 3790 θαλάττῃ
445 3694 546 3768 πάνθ’
565 3697 678 3785 ὅμοιον
698 3694 755 3768 ὑπ’
775 3700 892 3785 σἰνέμοο
916 3704 1081 3791 ῥιπίζεται

204 3815 257 3882 καὶ
276 3809 412 3903 γαληνὸς
431 3807 500 3880 ἐντ’
520 3808 598 3902 ἠχῶ
618 3809 705 3902 πρὸς
724 3816 853 3898 πνεῦμα
872 3809 979 3902 βραχὺ
999 3812 1192 3903 κορύσσεται

204 3920 260 4016 κῆν
280 3950 329 4002 τις
351 3925 440 3993 αἰτία
458 3926 586 4014 γένηται
604 3920 660 3993 τόν
679 3925 814 4014 πολίτην
834 3927 991 3993 κατέπιεν.

147 4042 218 4114 Quo
235 4042 304 4106 loco
323 4065 385 4106 non
405 4032 541 4122 έντοχῶν
562 4063 631 4105 cum
653 4042 818 4118 Meinekio,
838 4042 889 4105 sed
912 4035 950 4103 ἂν
968 4031 1048 4126 τύχῃ
1068 4041 1231 4128 legendnm

101 4179 186 4239 esse,
216 4159 318 4242 quivis
341 4158 431 4222 facile
454 4157 528 4220 mihi
562 4157 718 4222 concedat.
754 4159 895 4222 Ceterum
931 4156 978 4221 vel
1021 4158 1066 4221 sic
1101 4157 1257 4229 correcti,

102 4295 206 4338 versus
231 4274 367 4338 mendosi
394 4278 475 4337 sunt.

147 4388 464 4455 Subnasciturautem
485 4386 558 4450 mihi
583 4410 633 4452 eos
653 4389 839 4473 comparenti
866 4413 934 4453 cum
959 4389 1027 4454 loco
1049 4386 1231 4453 Demosthe·
