3024 5264
724 431 765 496 64

227 606 286 671 Ille
310 607 411 671 minus
437 615 519 671 recte
549 627 604 691 pro
632 600 717 690 ἔχειν
745 607 903 693 rescripsit
931 603 1037 693 ε”χοιν,·
1068 630 1137 673 nem
1168 610 1213 675 ita
1244 615 1311 676 tum

184 720 272 787 ambo
305 743 410 787 versus
446 720 527 786 mulo
566 719 743 800 cohaerent,
780 727 847 786 tum
886 744 991 788 versus
1024 724 1178 790 secundus
1219 748 1313 790 sensu

184 839 268 900 caret
290 834 410 900 idoneo.

597 1257 800 1323 CAPUT
839 1257 897 1323 IV.

403 1506 624 1552 1ncnnnunnn
648 1508 854 1553 nunucnnun
876 1480 1089 1555 nnncnnnnn.

228 1869 305 1953 Luc.
327 1869 394 1934 Iov.
413 1873 492 1955 trag.
513 1872 573 1948 41,
596 1868 656 1934 vol.
679 1871 717 1950 2,
740 1893 768 1957 p.
788 1874 871 1936 689:

387 1970 469 2068 ὁρᾶς
487 1973 543 2046 cdv
562 1973 654 2069 ὑψοῦ
672 1973 759 2048 τόνδ’
776 1974 913 2070 ἄπειρον
930 1977 1062 2068 αἰθέρα,

389 2084 454 2180 τήν
473 2092 541 2181 γῆν
561 2090 659 2180 πέριξ
681 2088 786 2177 ἔχονθ’
804 2084 919 2181 ὑγραῖς
936 2092 969 2158 έν
987 2084 1156 2179 endecas,-

387 2205 500 2269 τοῦτον
521 2195 633 2288 νόμιζε
650 2205 752 2293 Ζῆνα,
770 2195 856 2272 τόνδ’
874 2199 955 2294 ἦνοῦ
979 2196 1062 2274 θεόν.
1134 2289 1136 2293 ¹

231 2318 285 2383 Vs.
306 2323 325 2382 2
358 2316 470 2404 vulgo:
491 2315 557 2382 καὶ
586 2320 641 2405 γῆν
669 2315 767 2405 πέριξ
785 2310 1011 2405 ἔχοντ’δγραῖς
1026 2317 1058 2385 ἐν
1079 2307 1251 2404 ἀγκάλαις,
1277 2322 1313 2382 ut

184 2434 323 2511 videtur,
345 2433 447 2498 minus
470 2437 561 2497 recte.

228 2778 310 2845 Plut.
335 2778 414 2842 Mor.
436 2801 465 2863 p.
489 2781 567 2841 549:
598 2770 673 2844 ὅθεν
692 2769 874 2866 Εὐριπίδης
888 2773 1026 2859 ἄτοπος,
1049 2774 1098 2853 εἰς
1122 2770 1315 2866 οἶποτρσπήν

185 2895 296 2967 κακίας
310 2881 440 2965 τούτοις
455 2879 640 2976 χρώμενος·

340 2992 430 3068 ον’)’τοι
454 2996 668 3088 προςελθοῦσ’
689 2991 709 3087 ἦ
730 2998 812 3088 Δι’κη
834 2998 872 3064 σέ
889 2994 948 3090 [μή
964 2999 1095 3087 τρέσῃς]

339 3112 452 3180 παίσει
471 3105 558 3199 πρδς
574 3103 663 3201 ἧπαρ
680 3105 757 3178 ου’δὲ
774 3112 839 3178 τῶν
857 3103 962 3177 ἄλλων
979 3113 1109 3201 βροτῶν

339 3217 394 3289 cdv
411 3216 534 3301 ἄδικον,
561 3215 643 3289 ἄλλα
661 3227 736 3310 οἴνα
751 3223 804 3289 καὶ
821 3224 941 3312 βραδεῖ
954 3222 1035 3290 ποδὶ

340 3334 495 3418 ςείχουσα
510 3331 638 3424 μάρψει
650 3329 728 3410 τοδς
742 3326 874 3417 κακούς,
896 3329 973 3402 ὅταν
991 3326 1082 3424 τύχῃ.

232 3451 286 3514 Vs.
313 3452 330 3513 l
354 3448 425 3513 dedi
454 3448 491 3516 σέ
513 3471 568 3534 pro
589 3467 645 3530 σε,
669 3451 741 3535 quie
764 3450 945 3536 opponitur:
967 3448 1031 3515 τοῖν
1058 3439 1163 3514 ἄλλων
1188 3447 1316 3530 βροτῶν

185 3557 241 3631 τδν
261 3555 378 3629 ἄδικον.
408 3563 528 3628 Deinde
549 3543 688 3651 expunxi
709 3564 853 3631 Graeculi
874 3565 1130 3638 additamentum,
1151 3583 1213 3645 quo
1228 3561 1315 3624 lucu·

186 3701 256 3742 nem
271 3679 304 3742 in
329 3678 436 3743 codice
462 3677 582 3765 explere
605 3685 736 3745 conatus
759 3686 814 3744 est.
838 3679 988 3744 Fraudem
1013 3678 1094 3742 enim
1126 3677 1229 3762 arguit
1250 3674 1313 3739 loci

187 3815 302 3857 sensus.
325 3794 407 3858 Nam
431 3796 563 3879 primum
587 3793 668 3859 nihil
684 3801 732 3860 est
754 3797 787 3860 in
811 3800 876 3859 tote
900 3794 1068 3870 sententia,
1090 3792 1172 3877 quod
1196 3791 1239 3867 ei,
1262 3791 1314 3855 cui

186 3906 261 3971 haec
277 3907 432 3986 dicuntur,
450 3910 584 3973 animum
601 3910 711 3974 addere
730 3913 847 3996 possit,
869 3911 931 3973 imo
951 3907 1005 3973 illa
1018 3909 1118 3973 utitur
1140 3907 1316 3993 Euripides,

187 4028 222 4087 ui
241 4020 427 4087 Plutarchus
450 4024 510 4102 ait,
532 4019 579 4095 εἰς
599 4016 789 4110 ἀποτροπήν
807 4021 927 4096 κακίας.
942 4022 1063 4088 Deinde
1079 4023 1219 4110 opposita
1239 4029 1314 4088 vs.8

187 4138 261 4220 σῖγα
280 4135 333 4200 καὶ
360 4136 478 4218 βραδεῖ
494 4133 575 4202 ποδὶ
598 4135 767 4200 ostendunt
800 4135 873 4201 olim
909 4160 963 4224 pro
984 4132 1029 4227 μή
1062 4137 1179 4226 τρέσῃς
1200 4137 1316 4203 lectum

187 4250 281 4313 fuisse
299 4249 426 4332 aliquid,
449 4271 510 4334 qno
533 4252 862 4334 cederimpetucfucrit
883 4253 1087 4340 significatus.
1113 4253 1224 4317 Sensui
1248 4275 1275 4318 v.
1289 4276 1315 4317 c.

187 4365 301 4450 optime
324 4363 487 4429 subvenies
511 4365 689 4430 scribendo:
1102 4365 1105 4370 ’
