3024 5264
739 458 782 516 oa

199 628 293 690 etiam
310 626 476 692 ditioribus
486 627 518 692 in
532 626 644 714 vulgus
666 631 799 692 oonstat.
824 627 916 691 Unde
938 627 1075 713 suspicio
1098 628 1174 692 mibi
1199 628 1329 694 subnata

199 748 261 820 est,
297 765 334 806 arr
368 743 447 806 forte
467 741 652 829 Lycophron
684 743 861 829 scripserit:

351 852 480 944 θέρμος
498 848 642 946 πενήτων
661 855 714 921 καὶ
733 846 932 946 τριβώνιον
953 847 1131 944 συμπότης.

242 970 374 1034 Constat
396 971 476 1035 enim
500 963 556 1035 τόν
581 969 725 1056 τρίβωνα
747 973 843 1053 fuisse
876 969 1067 1057 philosophis
1090 968 1169 1056 apud
1193 971 1328 1035 Graecos

196 1085 363 1171 proprium.
404 1086 506 1157 Quam
550 1088 757 1151 coniecturam
799 1109 860 1150 uon
896 1108 1002 1172 parum
1038 1083 1224 1150 confirmant
1259 1087 1328 1172 ipsa

196 1192 352 1282 Athenaei
378 1200 485 1278 verba,
521 1223 599 1286 quae
623 1200 676 1266 lib.
700 1202 754 1279 H,
788 1225 816 1287 p.
849 1201 944 1265 551)
972 1201 1110 1266 versibus
1137 1202 1326 1286 praemittit:

194 1304 384 1402 Λυκόφρων
405 1306 422 1379 ὁ
446 1307 627 1389 Χαλκιδεύς
646 1313 678 1379 ἐν
699 1313 863 1401 σατυρικῷ
882 1309 1038 1401 δράματι,
1070 1307 1090 1381 ii
1119 1312 1187 1379 ἐπὶ
1215 1338 1326 1380 κατα-

193 1417 367 1513 μωκήσει
389 1420 563 1514 ἔγραψεν
579 1423 642 1501 etc
664 1425 898 1515 Μενέδημον
917 1418 982 1491 τόν
1003 1417 1242 1514 φιλόσοφον,
1266 1418 1328 1515 ἀφ’

194 1527 234 1601 οὗ
264 1527 284 1624 ἦ
313 1540 375 1604 τῶν
405 1531 587 1628 Ἐρετρικῶν
617 1529 796 1626 ω’νομόσδη
827 1535 968 1626 αἵρεσις,
1002 1529 1259 1604 διασκώπτων
1279 1533 1326 1604 νδ

193 1648 269 1712 ruia
291 1641 531 1738 φιλοσόφων
551 1639 693 1714 δεῖπνά
715 1669 811 1736 φησι,
834 1648 888 1712 καὶ
910 1644 1097 1737 δημόκοινος
1116 1646 1179 1714 uri.

236 1762 274 1826 In
309 1768 398 1851 poeta
432 1769 536 1829 eutem
570 1762 797 1838 Alexandrino,
832 1767 868 1827 ut
892 1762 1040 1840 arbitror,
1070 1785 1159 1827 nemo
1189 1763 1324 1849 requiret

192 1880 416 1945 observantiam
442 1901 553 1965 pausae
575 1878 783 1943 Porsonianae
805 1901 883 1963 quae
906 1878 1031 1944 dieitur.

237 1996 347 2061 Obiter
368 1994 420 2058 bie
451 1993 607 2058 notandus
638 1997 684 2058 est
707 1995 808 2080 turpis
830 2015 926 2071 error,
951 2015 1040 2078 quem
1064 1995 1147 2059 inter
1169 1993 1321 2081 plurimos

191 2112 267 2177 aiios
299 2111 519 2175 commiserunt
541 2108 630 2174 Fred.
652 2110 720 2174 Cer.
743 2110 835 2174 Kraft
858 2114 888 2174 et
911 2110 1005 2174 Corn.
1031 2109 1148 2174 Mr'iller
1171 2110 1203 2174 in
1225 2108 1323 2188 libro,

190 2228 243 2312 qui
278 2224 463 2290 iustoribitur
494 2223 840 2290 Reat-Sobut-Lexieon
871 2225 916 2288 sie
949 2222 1118 2288 scribentes
1141 2225 1174 2287 in
1198 2247 1225 2289 v.
1249 2226 1322 2290 Mr-

189 2363 347 2409 rruomrus
389 2368 406 2400 ο
416 2343 457 2405 Iu
489 2338 559 2404 sehr
589 2338 885 2404 freundsebtiftliobe
915 2339 1151 2405 Verbttltnissen
1172 2341 1264 2405 stand
1288 2363 1322 2407 er

187 2459 246 2524 mit
257 2460 382 2534 Aratus,
402 2453 591 2542 Lycophron
603 2477 632 2519 u.
655 2455 840 2540 Antugoras.
863 2453 1051 2541 Lycophron
1075 2453 1134 2519 soll
1157 2453 1213 2520 ibn
1230 2477 1321 2543 sogor

188 2595 257 2637 zum
282 2570 501 2660 Gegenstande
523 2550 605 2635 eines
626 2568 818 2654 satyrisohen
842 2569 983 2642 Drama's
1006 2567 1150 2657 gemacht
1161 2560 1269 2648 haben,
1285 2571 1321 2634 ιἰι

187 2689 254 2752 δοκι
276 2708 310 2750 ιι
327 2687 430 2770 petott
452 2684 594 2761 uurde”‚
617 2685 679 2749 nisi
702 2669 780 2750 forte
804 2684 925 2750 eredere
942 2685 1038 2750 mavis
1055 2685 1232 2750 duumviros
1245 2684 1321 2749 doo-

187 2802 335 2876 tissimos,
362 2801 416 2885 qui
438 2800 594 2886 egregium
617 2799 706 2863 illum
728 2799 840 2864 librum
865 2800 1039 2865 iuventutis
1059 2800 1091 2863 in
1109 2822 1197 2864 usum
1214 2799 1319 2864 edide-

186 2922 276 2993 runt,
308 2914 468 3000 scripsisse
501 2917 562 2978 ον’νι
591 2916 656 2978 δοκι
687 2937 719 2978 ιν
747 2921 914 2999 uersprittet
936 2917 1077 2992 mordeat
1101 2919 1132 2979 et
1154 2914 1317 2980 lectionem

186 3032 343 3117 vulgatam
367 3029 595 3116 typothetarum
622 3029 725 3094 deberi
749 3030 894 3093 incuriae.

229 3454 316 3520 Stob.
338 3453 402 3528 IX,
416 3457 451 3518 21
473 3442 655 3540 Φιλήμονος
673 3449 706 3516 ἐν
728 3441 928 3537 Παλαμήδει.
949 3451 1128 3534 (Philiscus
1146 3452 1317 3516 Palamede

184 3571 346 3656 Grotius):
826 3589 828 3594 ·
968 3592 971 3599 ·

388 3680 448 3748 τοῦ
467 3671 529 3766 γδρ
551 3675 676 3744 δικαίου
697 3669 755 3742 κόν
772 3679 922 3764 βροτοῖσι
939 3674 997 3744 κόν
1017 3682 1113 3753 θεοῖς

389 3781 555 3864 ἀθάνατος
577 3781 631 3855 oiei
651 3780 732 3870 δόξα
750 3789 890 3855 διατελεῖ
910 3780 1037 3874 μόνου.

229 3905 329 3973 codd.
353 3911 383 3970 et
404 3905 473 3970 edd.
495 3894 607 3985 μόνον,
631 3904 712 3988 quod
737 3907 863 3969 correxi.

686 4185 824 4196 ....—-—--
