<?xml version="1.0" encoding="UTF-8"?>
<!DOCTYPE html PUBLIC "-//W3C//DTD XHTML 1.0 Transitional//EN"
    "http://www.w3.org/TR/xhtml1/DTD/xhtml1-transitional.dtd">
<html xmlns="http://www.w3.org/1999/xhtml" xml:lang="en" lang="en">
 <head>
  <title>
</title>
<meta http-equiv="Content-Type" content="text/html;charset=utf-8" />
  <meta name='ocr-system' content='tesseract 3.04.00' />
  <meta name='ocr-capabilities' content='ocr_page ocr_carea ocr_par ocr_line ocrx_word'/>
</head>
<body>
  <div class='ocr_page' id='page_1' title='image "./exercitationesc00herwgoog_0128.png"; bbox 0 0 3024 5264; ppageno 0'>
   <div class='ocr_carea' id='block_1_1' title="bbox 825 456 886 515">
    <p class='ocr_par' dir='ltr' id='par_1_1' title="bbox 825 456 886 515">
     <span class='ocr_line' id='line_1_1' title="bbox 825 456 886 515; baseline 0 -1"><span class='ocrx_word' id='word_1_1' title='bbox 825 456 886 515; x_wconf 84' lang='lat' dir='ltr'><strong>llll</strong></span> 
     </span>
    </p>
   </div>
   <div class='ocr_carea' id='block_1_2' title="bbox 288 613 1425 4466">
    <p class='ocr_par' dir='ltr' id='par_1_2' title="bbox 292 613 1425 933">
     <span class='ocr_line' id='line_1_2' title="bbox 338 613 1425 718; baseline 0.017 -40"><span class='ocrx_word' id='word_1_2' title='bbox 338 613 394 679; x_wconf 88' lang='lat' dir='ltr'><strong>Vs.</strong></span> <span class='ocrx_word' id='word_1_3' title='bbox 418 620 481 680; x_wconf 83' lang='lat'><strong>455</strong></span> <span class='ocrx_word' id='word_1_4' title='bbox 512 616 629 684; x_wconf 89' lang='lat' dir='ltr'><strong>dicenti</strong></span> <span class='ocrx_word' id='word_1_5' title='bbox 652 619 771 687; x_wconf 84' lang='lat' dir='ltr'><strong>Choro:</strong></span> <span class='ocrx_word' id='word_1_6' title='bbox 803 624 933 689; x_wconf 80' lang='grc' dir='ltr'><strong><em>πολλῶν</em></strong></span> <span class='ocrx_word' id='word_1_7' title='bbox 962 615 1101 692; x_wconf 70' lang='grc' dir='ltr'><strong><em>ἄκουσον</em></strong></span> <span class='ocrx_word' id='word_1_8' title='bbox 1128 623 1261 718; x_wconf 75' lang='grc' dir='ltr'><strong><em>τέρματ’</em></strong></span> <span class='ocrx_word' id='word_1_9' title='bbox 1289 630 1425 701; x_wconf 75' lang='grc' dir='ltr'><strong><em>αἰδοίων</em></strong></span> 
     </span>
     <span class='ocr_line' id='line_1_3' title="bbox 293 719 1424 832; baseline 0.013 -42"><span class='ocrx_word' id='word_1_10' title='bbox 293 719 396 812; x_wconf 77' lang='grc' dir='ltr'><strong><em>λόγων</em></strong></span> <span class='ocrx_word' id='word_1_11' title='bbox 406 732 569 816; x_wconf 89' lang='lat' dir='ltr'><strong>respondet</strong></span> <span class='ocrx_word' id='word_1_12' title='bbox 580 755 648 800; x_wconf 85' lang='lat' dir='ltr'><strong>reu:</strong></span> <span class='ocrx_word' id='word_1_13' title='bbox 669 725 831 816; x_wconf 70' lang='grc' dir='ltr'><strong><em>ἄκουσα,</em></strong></span> <span class='ocrx_word' id='word_1_14' title='bbox 854 735 917 800; x_wconf 81' lang='grc' dir='ltr'><strong>καὶ</strong></span> <span class='ocrx_word' id='word_1_15' title='bbox 939 734 1044 821; x_wconf 69' lang='grc' dir='ltr'><strong><em>λέγοις</em></strong></span> <span class='ocrx_word' id='word_1_16' title='bbox 1065 729 1121 820; x_wconf 72' lang='lat' dir='ltr'><strong>dr,</strong></span> <span class='ocrx_word' id='word_1_17' title='bbox 1141 733 1182 806; x_wconf 80' lang='grc' dir='ltr'><strong>οὕ</strong></span> <span class='ocrx_word' id='word_1_18' title='bbox 1197 765 1240 825; x_wconf 83' lang='grc' dir='ltr'><strong>με</strong></span> <span class='ocrx_word' id='word_1_19' title='bbox 1258 735 1424 832; x_wconf 69' lang='grc' dir='ltr'><strong><em>φεύξεται.</em></strong></span> 
     </span>
     <span class='ocr_line' id='line_1_4' title="bbox 292 836 998 933; baseline 0.013 -29"><span class='ocrx_word' id='word_1_20' title='bbox 292 840 449 908; x_wconf 77' lang='lat' dir='ltr'><strong>Fortasse:</strong></span> <span class='ocrx_word' id='word_1_21' title='bbox 478 836 715 929; x_wconf 72' lang='grc' dir='ltr'><strong><em>ἀκούσομαι·</em></strong></span> <span class='ocrx_word' id='word_1_22' title='bbox 738 845 844 933; x_wconf 76' lang='grc' dir='ltr'><strong><em>λέγοις</em></strong></span> <span class='ocrx_word' id='word_1_23' title='bbox 857 839 915 928; x_wconf 71' lang='grc' dir='ltr'><strong>ἄν,</strong></span> <span class='ocrx_word' id='word_1_24' title='bbox 935 845 998 913; x_wconf 79' lang='grc' dir='ltr'><strong>κτὲ.</strong></span> 
     </span>
    </p>

    <p class='ocr_par' dir='ltr' id='par_1_3' title="bbox 291 950 1423 1501">
     <span class='ocr_line' id='line_1_5' title="bbox 337 950 1423 1049; baseline 0.015 -31"><span class='ocrx_word' id='word_1_25' title='bbox 337 955 391 1020; x_wconf 85' lang='lat' dir='ltr'><strong>Vs.</strong></span> <span class='ocrx_word' id='word_1_26' title='bbox 415 959 496 1023; x_wconf 83' lang='lat'>460:</span> <span class='ocrx_word' id='word_1_27' title='bbox 530 954 639 1038; x_wconf 80' lang='grc' dir='ltr'><strong><em>λέξον,</em></strong></span> <span class='ocrx_word' id='word_1_28' title='bbox 661 951 719 1025; x_wconf 77' lang='grc' dir='ltr'><strong><em>τίν’</em></strong></span> <span class='ocrx_word' id='word_1_29' title='bbox 742 950 843 1046; x_wconf 77' lang='grc' dir='ltr'><strong><em>σύδην</em></strong></span> <span class='ocrx_word' id='word_1_30' title='bbox 869 950 963 1047; x_wconf 81' lang='grc' dir='ltr'><em>τήνδε</em></span> <span class='ocrx_word' id='word_1_31' title='bbox 991 959 1199 1049; x_wconf 71' lang='grc' dir='ltr'><strong><em>γηρυθεῒσ</em></strong></span> <span class='ocrx_word' id='word_1_32' title='bbox 1218 958 1313 1032; x_wconf 78' lang='grc' dir='ltr'><strong><em>ἔσει.</em></strong></span> <span class='ocrx_word' id='word_1_33' title='bbox 1346 968 1423 1034; x_wconf 79' lang='lat' dir='ltr'><strong>Sus·</strong></span> 
     </span>
     <span class='ocr_line' id='line_1_6' title="bbox 291 1062 1423 1159; baseline 0.012 -25"><span class='ocrx_word' id='word_1_34' title='bbox 291 1075 399 1154; x_wconf 88' lang='lat' dir='ltr'><strong>pectus</strong></span> <span class='ocrx_word' id='word_1_35' title='bbox 427 1071 511 1137; x_wconf 87' lang='lat' dir='ltr'><strong>verbi</strong></span> <span class='ocrx_word' id='word_1_36' title='bbox 534 1062 716 1159; x_wconf 81' lang='grc' dir='ltr'><strong><em>γηρύεσθατ</em></strong></span> <span class='ocrx_word' id='word_1_37' title='bbox 735 1074 808 1135; x_wconf 87' lang='lat' dir='ltr'><strong>Aor.</strong></span> <span class='ocrx_word' id='word_1_38' title='bbox 843 1072 945 1149; x_wconf 79' lang='lat' dir='ltr'><strong>Pasa,</strong></span> <span class='ocrx_word' id='word_1_39' title='bbox 982 1095 1077 1158; x_wconf 92' lang='lat' dir='ltr'><strong>quum</strong></span> <span class='ocrx_word' id='word_1_40' title='bbox 1112 1074 1185 1140; x_wconf 89' lang='lat' dir='ltr'><strong>alibi</strong></span> <span class='ocrx_word' id='word_1_41' title='bbox 1218 1077 1318 1143; x_wconf 84' lang='lat' dir='ltr'><strong>forma</strong></span> <span class='ocrx_word' id='word_1_42' title='bbox 1346 1085 1423 1148; x_wconf 76' lang='lat' dir='ltr'><strong>dor.</strong></span> 
     </span>
     <span class='ocr_line' id='line_1_7' title="bbox 291 1183 1423 1280; baseline 0.009 -32"><span class='ocrx_word' id='word_1_43' title='bbox 291 1183 375 1249; x_wconf 88' lang='lat' dir='ltr'><strong>Med.</strong></span> <span class='ocrx_word' id='word_1_44' title='bbox 398 1208 557 1251; x_wconf 87' lang='lat' dir='ltr'><strong>occurrere</strong></span> <span class='ocrx_word' id='word_1_45' title='bbox 579 1184 694 1263; x_wconf 86' lang='lat' dir='ltr'><strong>soleat;</strong></span> <span class='ocrx_word' id='word_1_46' title='bbox 715 1207 814 1270; x_wconf 89' lang='lat' dir='ltr'><strong>neque</strong></span> <span class='ocrx_word' id='word_1_47' title='bbox 835 1184 929 1252; x_wconf 90' lang='lat' dir='ltr'><strong>huius</strong></span> <span class='ocrx_word' id='word_1_48' title='bbox 945 1187 1007 1252; x_wconf 90' lang='lat' dir='ltr'><strong>loci</strong></span> <span class='ocrx_word' id='word_1_49' title='bbox 1030 1197 1080 1254; x_wconf 87' lang='lat' dir='ltr'><strong>est</strong></span> <span class='ocrx_word' id='word_1_50' title='bbox 1099 1190 1211 1255; x_wconf 82' lang='lat' dir='ltr'><strong>Futuri</strong></span> <span class='ocrx_word' id='word_1_51' title='bbox 1227 1194 1329 1258; x_wconf 88' lang='lat' dir='ltr'><strong>exacti</strong></span> <span class='ocrx_word' id='word_1_52' title='bbox 1340 1195 1423 1280; x_wconf 87' lang='lat' dir='ltr'><strong>peri·</strong></span> 
     </span>
     <span class='ocr_line' id='line_1_8' title="bbox 292 1292 1422 1392; baseline 0.012 -31"><span class='ocrx_word' id='word_1_53' title='bbox 292 1298 425 1384; x_wconf 87' lang='lat' dir='ltr'><strong>phrasis;</strong></span> <span class='ocrx_word' id='word_1_54' title='bbox 459 1322 552 1385; x_wconf 90' lang='lat' dir='ltr'><strong>quare</strong></span> <span class='ocrx_word' id='word_1_55' title='bbox 576 1300 716 1366; x_wconf 85' lang='lat' dir='ltr'><strong>conieci:</strong></span> <span class='ocrx_word' id='word_1_56' title='bbox 738 1293 799 1367; x_wconf 74' lang='grc' dir='ltr'><strong><em>τίν’</em></strong></span> <span class='ocrx_word' id='word_1_57' title='bbox 827 1293 926 1388; x_wconf 75' lang='grc' dir='ltr'><strong><em>σύδην</em></strong></span> <span class='ocrx_word' id='word_1_58' title='bbox 953 1292 1046 1391; x_wconf 66' lang='lat' dir='ltr'><strong>ariade</strong></span> <span class='ocrx_word' id='word_1_59' title='bbox 1076 1295 1238 1392; x_wconf 68' lang='grc' dir='ltr'><strong><em>γηράσει</em></strong></span> <span class='ocrx_word' id='word_1_60' title='bbox 1268 1300 1313 1372; x_wconf 83' lang='grc' dir='ltr'><strong>σύ</strong></span> <span class='ocrx_word' id='word_1_61' title='bbox 1343 1331 1422 1389; x_wconf 86' lang='grc' dir='ltr'><strong><em>μοι.</em></strong></span> 
     </span>
     <span class='ocr_line' id='line_1_9' title="bbox 291 1405 664 1501; baseline 0.003 -23"><span class='ocrx_word' id='word_1_62' title='bbox 291 1412 340 1478; x_wconf 89' lang='lat' dir='ltr'><strong>vel</strong></span> <span class='ocrx_word' id='word_1_63' title='bbox 363 1405 502 1501; x_wconf 77' lang='grc' dir='ltr'><strong><em>γηρὺει</em></strong></span> <span class='ocrx_word' id='word_1_64' title='bbox 523 1408 568 1479; x_wconf 82' lang='grc' dir='ltr'><strong>σύ</strong></span> <span class='ocrx_word' id='word_1_65' title='bbox 589 1436 664 1496; x_wconf 85' lang='grc' dir='ltr'><strong><em>μοι.</em></strong></span> 
     </span>
    </p>

    <p class='ocr_par' dir='ltr' id='par_1_4' title="bbox 288 1516 1423 2755">
     <span class='ocr_line' id='line_1_10' title="bbox 335 1516 1422 1616; baseline 0.004 -25"><span class='ocrx_word' id='word_1_66' title='bbox 335 1527 391 1592; x_wconf 83' lang='lat' dir='ltr'><strong>Vs.</strong></span> <span class='ocrx_word' id='word_1_67' title='bbox 415 1532 492 1592; x_wconf 79' lang='lat'>498:</span> <span class='ocrx_word' id='word_1_68' title='bbox 519 1518 727 1615; x_wconf 77' lang='grc' dir='ltr'><strong><em>φύλαξανμή</em></strong></span> <span class='ocrx_word' id='word_1_69' title='bbox 750 1517 878 1612; x_wconf 72' lang='grc' dir='ltr'><strong><em>θράσος</em></strong></span> <span class='ocrx_word' id='word_1_70' title='bbox 897 1525 973 1614; x_wconf 83' lang='grc' dir='ltr'><strong>τέκη</strong></span> <span class='ocrx_word' id='word_1_71' title='bbox 995 1516 1113 1614; x_wconf 81' lang='grc' dir='ltr'><strong><em>φόβον.</em></strong></span> <span class='ocrx_word' id='word_1_72' title='bbox 1136 1529 1324 1594; x_wconf 77' lang='lat' dir='ltr'><strong>Faciendum</strong></span> <span class='ocrx_word' id='word_1_73' title='bbox 1344 1535 1422 1616; x_wconf 88' lang='lat' dir='ltr'><strong>puto</strong></span> 
     </span>
     <span class='ocr_line' id='line_1_11' title="bbox 291 1631 1423 1729; baseline 0.003 -21"><span class='ocrx_word' id='word_1_74' title='bbox 291 1665 360 1708; x_wconf 90' lang='lat' dir='ltr'><strong>oum</strong></span> <span class='ocrx_word' id='word_1_75' title='bbox 372 1643 429 1719; x_wconf 89' lang='lat' dir='ltr'><strong>iis,</strong></span> <span class='ocrx_word' id='word_1_76' title='bbox 450 1641 504 1727; x_wconf 89' lang='lat' dir='ltr'><strong>qui</strong></span> <span class='ocrx_word' id='word_1_77' title='bbox 525 1631 627 1729; x_wconf 85' lang='grc' dir='ltr'><strong><em>φόνον</em></strong></span> <span class='ocrx_word' id='word_1_78' title='bbox 647 1649 813 1727; x_wconf 89' lang='lat' dir='ltr'><strong>reponant,</strong></span> <span class='ocrx_word' id='word_1_79' title='bbox 835 1640 989 1725; x_wconf 90' lang='lat' dir='ltr'><strong>quidquid</strong></span> <span class='ocrx_word' id='word_1_80' title='bbox 1008 1640 1190 1728; x_wconf 80' lang='lat' dir='ltr'><strong>obloquitur</strong></span> <span class='ocrx_word' id='word_1_81' title='bbox 1213 1644 1423 1712; x_wconf 85' lang='lat' dir='ltr'><strong>Hermannus.</strong></span> 
     </span>
     <span class='ocr_line' id='line_1_12' title="bbox 290 1745 1421 1845; baseline 0 -22"><span class='ocrx_word' id='word_1_82' title='bbox 290 1749 549 1845; x_wconf 68' lang='lat' dir='ltr'><strong>Scholiastoszpo}</strong></span> <span class='ocrx_word' id='word_1_83' title='bbox 560 1745 735 1844; x_wconf 79' lang='grc' dir='ltr'><strong><em>θαρρήσας</em></strong></span> <span class='ocrx_word' id='word_1_84' title='bbox 755 1745 855 1834; x_wconf 85' lang='grc' dir='ltr'><strong><em>μόνος</em></strong></span> <span class='ocrx_word' id='word_1_85' title='bbox 863 1746 1022 1819; x_wconf 73' lang='grc' dir='ltr'><strong><em>ἀπελθεῖν</em></strong></span> <span class='ocrx_word' id='word_1_86' title='bbox 1039 1759 1216 1844; x_wconf 75' lang='grc' dir='ltr'><strong><em>φοβηθῶ</em></strong></span> <span class='ocrx_word' id='word_1_87' title='bbox 1235 1748 1303 1825; x_wconf 76' lang='grc' dir='ltr'><strong>ὑπό</strong></span> <span class='ocrx_word' id='word_1_88' title='bbox 1322 1773 1421 1841; x_wconf 62' lang='grc' dir='ltr'><strong><em>τινος·</em></strong></span> 
     </span>
     <span class='ocr_line' id='line_1_13' title="bbox 289 1867 1421 1959; baseline -0.002 -21"><span class='ocrx_word' id='word_1_89' title='bbox 289 1894 367 1959; x_wconf 88' lang='lat' dir='ltr'><strong>quae</strong></span> <span class='ocrx_word' id='word_1_90' title='bbox 392 1870 552 1936; x_wconf 73' lang='lat' dir='ltr'><strong>adnotatio</strong></span> <span class='ocrx_word' id='word_1_91' title='bbox 573 1868 686 1934; x_wconf 88' lang='lat' dir='ltr'><strong>adduci</strong></span> <span class='ocrx_word' id='word_1_92' title='bbox 707 1875 810 1956; x_wconf 88' lang='lat' dir='ltr'><strong>posset</strong></span> <span class='ocrx_word' id='word_1_93' title='bbox 829 1867 975 1933; x_wconf 86' lang='lat' dir='ltr'><strong>adversus</strong></span> <span class='ocrx_word' id='word_1_94' title='bbox 997 1868 1083 1933; x_wconf 89' lang='lat' dir='ltr'><strong>illam</strong></span> <span class='ocrx_word' id='word_1_95' title='bbox 1108 1871 1333 1945; x_wconf 85' lang='lat' dir='ltr'><strong>coniecturam,</strong></span> <span class='ocrx_word' id='word_1_96' title='bbox 1357 1873 1421 1937; x_wconf 89' lang='lat' dir='ltr'><strong>nisi</strong></span> 
     </span>
     <span class='ocr_line' id='line_1_14' title="bbox 290 1970 1422 2057; baseline -0.002 -4"><span class='ocrx_word' id='word_1_97' title='bbox 290 1987 405 2053; x_wconf 87' lang='lat' dir='ltr'><strong>additis</strong></span> <span class='ocrx_word' id='word_1_98' title='bbox 437 1984 597 2052; x_wconf 86' lang='lat' dir='ltr'><strong>uocabulis</strong></span> <span class='ocrx_word' id='word_1_99' title='bbox 635 1970 702 2047; x_wconf 70' lang='lat' dir='ltr'><strong>ded</strong></span> <span class='ocrx_word' id='word_1_100' title='bbox 732 2005 819 2057; x_wconf 87' lang='grc' dir='ltr'><strong><em>τινος</em></strong></span> <span class='ocrx_word' id='word_1_101' title='bbox 850 1983 920 2048; x_wconf 79' lang='grc' dir='ltr'><strong><em>λοσε</em></strong></span> <span class='ocrx_word' id='word_1_102' title='bbox 954 1983 1068 2049; x_wconf 87' lang='lat' dir='ltr'><strong>clarius</strong></span> <span class='ocrx_word' id='word_1_103' title='bbox 1106 1989 1272 2050; x_wconf 71' lang='lat' dir='ltr'><strong>testaretur</strong></span> <span class='ocrx_word' id='word_1_104' title='bbox 1306 1983 1422 2051; x_wconf 89' lang='lat' dir='ltr'><strong>scholii</strong></span> 
     </span>
     <span class='ocr_line' id='line_1_15' title="bbox 289 2087 1420 2185; baseline -0.004 -16"><span class='ocrx_word' id='word_1_105' title='bbox 289 2109 406 2181; x_wconf 79' lang='lat' dir='ltr'><strong>auctor,</strong></span> <span class='ocrx_word' id='word_1_106' title='bbox 428 2099 634 2185; x_wconf 78' lang='lat' dir='ltr'><strong>suscripsisse</strong></span> <span class='ocrx_word' id='word_1_107' title='bbox 651 2090 924 2183; x_wconf 78' lang='grc' dir='ltr'><strong><em>μη--φονεοθῶ</em></strong></span> <span class='ocrx_word' id='word_1_108' title='bbox 942 2087 1008 2162; x_wconf 76' lang='lat' dir='ltr'><strong>uiuri</strong></span> <span class='ocrx_word' id='word_1_109' title='bbox 1030 2121 1124 2174; x_wconf 84' lang='grc' dir='ltr'><strong><em>τινος.</em></strong></span> <span class='ocrx_word' id='word_1_110' title='bbox 1148 2101 1230 2165; x_wconf 88' lang='lat' dir='ltr'><strong>Nam</strong></span> <span class='ocrx_word' id='word_1_111' title='bbox 1242 2101 1290 2165; x_wconf 89' lang='lat' dir='ltr'><strong>sin</strong></span> <span class='ocrx_word' id='word_1_112' title='bbox 1307 2101 1420 2179; x_wconf 89' lang='lat' dir='ltr'><strong>minus,</strong></span> 
     </span>
     <span class='ocr_line' id='line_1_16' title="bbox 289 2209 1421 2302; baseline -0.005 -17"><span class='ocrx_word' id='word_1_113' title='bbox 289 2219 372 2285; x_wconf 89' lang='lat' dir='ltr'><strong>haud</strong></span> <span class='ocrx_word' id='word_1_114' title='bbox 396 2215 487 2281; x_wconf 93' lang='lat' dir='ltr'><strong>dubie</strong></span> <span class='ocrx_word' id='word_1_115' title='bbox 505 2213 560 2278; x_wconf 89' lang='lat' dir='ltr'><strong>illa</strong></span> <span class='ocrx_word' id='word_1_116' title='bbox 582 2212 747 2278; x_wconf 85' lang='lat' dir='ltr'><strong>omisisset.</strong></span> <span class='ocrx_word' id='word_1_117' title='bbox 770 2209 908 2294; x_wconf 83' lang='lat' dir='ltr'><strong>Vulgata</strong></span> <span class='ocrx_word' id='word_1_118' title='bbox 925 2215 1027 2275; x_wconf 88' lang='lat' dir='ltr'><strong>autem</strong></span> <span class='ocrx_word' id='word_1_119' title='bbox 1047 2210 1183 2278; x_wconf 87' lang='lat' dir='ltr'><strong>lectione</strong></span> <span class='ocrx_word' id='word_1_120' title='bbox 1202 2214 1300 2279; x_wconf 92' lang='lat' dir='ltr'><strong>multo</strong></span> <span class='ocrx_word' id='word_1_121' title='bbox 1320 2215 1421 2302; x_wconf 89' lang='lat' dir='ltr'><strong>aptior</strong></span> 
     </span>
     <span class='ocr_line' id='line_1_17' title="bbox 289 2313 1421 2419; baseline -0.004 -20"><span class='ocrx_word' id='word_1_122' title='bbox 289 2336 368 2402; x_wconf 83' lang='lat' dir='ltr'><strong>foret</strong></span> <span class='ocrx_word' id='word_1_123' title='bbox 390 2333 483 2396; x_wconf 88' lang='lat' dir='ltr'><strong>haec:</strong></span> <span class='ocrx_word' id='word_1_124' title='bbox 502 2324 547 2419; x_wconf 73' lang='grc' dir='ltr'><strong>μή</strong></span> <span class='ocrx_word' id='word_1_125' title='bbox 567 2317 697 2414; x_wconf 74' lang='grc' dir='ltr'><strong><em>θράσος</em></strong></span> <span class='ocrx_word' id='word_1_126' title='bbox 717 2322 792 2411; x_wconf 78' lang='grc' dir='ltr'><strong><em>τέκη</em></strong></span> <span class='ocrx_word' id='word_1_127' title='bbox 815 2313 945 2412; x_wconf 75' lang='grc' dir='ltr'><strong><em>φόβος</em></strong></span> <span class='ocrx_word' id='word_1_128' title='bbox 966 2326 986 2390; x_wconf 90' lang='lat' dir='ltr'><strong>i.</strong></span> <span class='ocrx_word' id='word_1_129' title='bbox 1010 2348 1034 2390; x_wconf 93' lang='lat' dir='ltr'><strong>e.</strong></span> <span class='ocrx_word' id='word_1_130' title='bbox 1056 2351 1094 2392; x_wconf 80' lang='lat' dir='ltr'><strong>ce</strong></span> <span class='ocrx_word' id='word_1_131' title='bbox 1119 2335 1218 2393; x_wconf 81' lang='lat' dir='ltr'><strong>metor</strong></span> <span class='ocrx_word' id='word_1_132' title='bbox 1236 2331 1343 2414; x_wconf 80' lang='lat' dir='ltr'><strong>pariat</strong></span> <span class='ocrx_word' id='word_1_133' title='bbox 1363 2353 1421 2395; x_wconf 84' lang='grc' dir='ltr'><strong>ον-</strong></span> 
     </span>
     <span class='ocr_line' id='line_1_18' title="bbox 289 2437 1422 2528; baseline -0.002 -17"><span class='ocrx_word' id='word_1_134' title='bbox 289 2448 418 2514; x_wconf 69' lang='lat' dir='ltr'><strong>dacium</strong></span> <span class='ocrx_word' id='word_1_135' title='bbox 441 2443 600 2508; x_wconf 87' lang='lat' dir='ltr'><strong>Videlicet</strong></span> <span class='ocrx_word' id='word_1_136' title='bbox 611 2461 673 2505; x_wconf 89' lang='lat' dir='ltr'><strong>uon</strong></span> <span class='ocrx_word' id='word_1_137' title='bbox 686 2459 755 2503; x_wconf 87' lang='lat' dir='ltr'><strong>raro</strong></span> <span class='ocrx_word' id='word_1_138' title='bbox 768 2437 907 2502; x_wconf 88' lang='lat' dir='ltr'><strong>videmus</strong></span> <span class='ocrx_word' id='word_1_139' title='bbox 930 2442 1145 2526; x_wconf 88' lang='lat' dir='ltr'><strong>superstitioso</strong></span> <span class='ocrx_word' id='word_1_140' title='bbox 1166 2443 1297 2528; x_wconf 87' lang='lat' dir='ltr'><strong>quodam</strong></span> <span class='ocrx_word' id='word_1_141' title='bbox 1311 2445 1422 2510; x_wconf 87' lang='lat' dir='ltr'><strong>timore</strong></span> 
     </span>
     <span class='ocr_line' id='line_1_19' title="bbox 289 2553 1421 2653; baseline -0.005 -23"><span class='ocrx_word' id='word_1_142' title='bbox 289 2566 465 2649; x_wconf 84' lang='lat' dir='ltr'><strong>correptam</strong></span> <span class='ocrx_word' id='word_1_143' title='bbox 487 2558 600 2645; x_wconf 85' lang='lat' dir='ltr'><strong>vulgus</strong></span> <span class='ocrx_word' id='word_1_144' title='bbox 622 2557 657 2620; x_wconf 92' lang='lat' dir='ltr'><strong>iu</strong></span> <span class='ocrx_word' id='word_1_145' title='bbox 673 2553 840 2653; x_wconf 11' lang='lat' dir='ltr'><strong>&lt;audaciam</strong></span> <span class='ocrx_word' id='word_1_146' title='bbox 860 2560 892 2618; x_wconf 90' lang='lat' dir='ltr'><strong>at</strong></span> <span class='ocrx_word' id='word_1_147' title='bbox 910 2555 1026 2620; x_wconf 85' lang='lat' dir='ltr'><strong>scelera</strong></span> <span class='ocrx_word' id='word_1_148' title='bbox 1037 2578 1192 2642; x_wconf 82' lang='lat' dir='ltr'><strong>proruero.</strong></span> <span class='ocrx_word' id='word_1_149' title='bbox 1219 2557 1421 2625; x_wconf 79' lang='lat' dir='ltr'><strong>Praetulerim</strong></span> 
     </span>
     <span class='ocr_line' id='line_1_20' title="bbox 288 2657 898 2755; baseline -0.021 -11"><span class='ocrx_word' id='word_1_150' title='bbox 288 2677 513 2752; x_wconf 88' lang='lat' dir='ltr'><strong>nihilominus,</strong></span> <span class='ocrx_word' id='word_1_151' title='bbox 536 2678 574 2738; x_wconf 87' lang='lat' dir='ltr'><strong>ut</strong></span> <span class='ocrx_word' id='word_1_152' title='bbox 596 2672 657 2735; x_wconf 92' lang='lat' dir='ltr'><strong>iam</strong></span> <span class='ocrx_word' id='word_1_153' title='bbox 680 2668 764 2746; x_wconf 86' lang='lat' dir='ltr'><strong>dixi,</strong></span> <span class='ocrx_word' id='word_1_154' title='bbox 787 2657 898 2755; x_wconf 83' lang='grc' dir='ltr'><strong><em>φόνον.</em></strong></span> 
     </span>
    </p>

    <p class='ocr_par' dir='ltr' id='par_1_5' title="bbox 334 2769 1178 2868">
     <span class='ocr_line' id='line_1_21' title="bbox 334 2769 1178 2868; baseline -0.015 -11"><span class='ocrx_word' id='word_1_155' title='bbox 334 2794 389 2857; x_wconf 86' lang='lat' dir='ltr'><strong>Vs.</strong></span> <span class='ocrx_word' id='word_1_156' title='bbox 406 2795 490 2856; x_wconf 78' lang='lat'>621:</span> <span class='ocrx_word' id='word_1_157' title='bbox 512 2781 634 2853; x_wconf 78' lang='grc' dir='ltr'><strong><em>τοιαῦτ’</em></strong></span> <span class='ocrx_word' id='word_1_158' title='bbox 654 2771 780 2848; x_wconf 70' lang='lat' dir='ltr'><strong>dacius</strong></span> <span class='ocrx_word' id='word_1_159' title='bbox 798 2776 910 2868; x_wconf 82' lang='grc' dir='ltr'><strong><em>χερσὶν</em></strong></span> <span class='ocrx_word' id='word_1_160' title='bbox 927 2769 1074 2866; x_wconf 78' lang='grc' dir='ltr'><strong><em>Ἀργεῖος</em></strong></span> <span class='ocrx_word' id='word_1_161' title='bbox 1094 2773 1178 2855; x_wconf 78' lang='grc' dir='ltr'><strong><em>λεώς</em></strong></span> 
     </span>
    </p>

    <p class='ocr_par' dir='ltr' id='par_1_6' title="bbox 518 2880 1226 2988">
     <span class='ocr_line' id='line_1_22' title="bbox 518 2880 1226 2988; baseline -0.008 -24"><span class='ocrx_word' id='word_1_162' title='bbox 518 2889 622 2988; x_wconf 77' lang='grc' dir='ltr'><strong><em>ἔκραν’</em></strong></span> <span class='ocrx_word' id='word_1_163' title='bbox 643 2887 733 2960; x_wconf 69' lang='grc' dir='ltr'><strong><em>ἄνευ</em></strong></span> <span class='ocrx_word' id='word_1_164' title='bbox 758 2891 949 2979; x_wconf 80' lang='grc' dir='ltr'><strong><em>κλητῆρος</em></strong></span> <span class='ocrx_word' id='word_1_165' title='bbox 971 2880 1017 2964; x_wconf 70' lang='grc' dir='ltr'><strong>οἷς</strong></span> <span class='ocrx_word' id='word_1_166' title='bbox 1036 2881 1117 2956; x_wconf 78' lang='grc' dir='ltr'><strong><em>εἶναι</em></strong></span> <span class='ocrx_word' id='word_1_167' title='bbox 1136 2884 1226 2958; x_wconf 80' lang='grc' dir='ltr'><strong><em>τάδε.</em></strong></span> 
     </span>
    </p>

    <p class='ocr_par' dir='ltr' id='par_1_7' title="bbox 288 3004 1422 3559">
     <span class='ocr_line' id='line_1_23' title="bbox 335 3004 1422 3102; baseline -0.01 -17"><span class='ocrx_word' id='word_1_168' title='bbox 335 3018 440 3086; x_wconf 64' lang='lat' dir='ltr'><strong>heile</strong></span> <span class='ocrx_word' id='word_1_169' title='bbox 474 3013 601 3102; x_wconf 77' lang='lat' dir='ltr'><strong>quidvis</strong></span> <span class='ocrx_word' id='word_1_170' title='bbox 639 3011 813 3091; x_wconf 83' lang='lat' dir='ltr'><strong>concoquat</strong></span> <span class='ocrx_word' id='word_1_171' title='bbox 834 3005 880 3081; x_wconf 88' lang='lat' dir='ltr'><strong>is,</strong></span> <span class='ocrx_word' id='word_1_172' title='bbox 916 3005 967 3069; x_wconf 91' lang='lat' dir='ltr'><strong>cui</strong></span> <span class='ocrx_word' id='word_1_173' title='bbox 1000 3004 1183 3090; x_wconf 86' lang='lat' dir='ltr'><strong>interpretes</strong></span> <span class='ocrx_word' id='word_1_174' title='bbox 1216 3007 1422 3092; x_wconf 85' lang='lat' dir='ltr'><strong>persuadeant</strong></span> 
     </span>
     <span class='ocr_line' id='line_1_24' title="bbox 290 3121 1421 3220; baseline -0.012 -20"><span class='ocrx_word' id='word_1_175' title='bbox 290 3124 367 3200; x_wconf 69' lang='grc' dir='ltr'><strong><em>ἄνευ</em></strong></span> <span class='ocrx_word' id='word_1_176' title='bbox 375 3131 531 3220; x_wconf 73' lang='grc' dir='ltr'><strong><em>κλητῆρος</em></strong></span> <span class='ocrx_word' id='word_1_177' title='bbox 541 3124 720 3214; x_wconf 79' lang='lat' dir='ltr'><strong>significare</strong></span> <span class='ocrx_word' id='word_1_178' title='bbox 730 3144 790 3186; x_wconf 80' lang='lat' dir='ltr'><strong>corr</strong></span> <span class='ocrx_word' id='word_1_179' title='bbox 802 3125 980 3204; x_wconf 75' lang='lat' dir='ltr'><strong>euspcotota</strong></span> <span class='ocrx_word' id='word_1_180' title='bbox 986 3121 1150 3202; x_wconf 63' lang='lat' dir='ltr'><strong>1praecocia</strong></span> <span class='ocrx_word' id='word_1_181' title='bbox 1160 3142 1238 3185; x_wconf 83' lang='lat' dir='ltr'><strong>uoce.</strong></span> <span class='ocrx_word' id='word_1_182' title='bbox 1256 3123 1421 3208; x_wconf 89' lang='lat' dir='ltr'><strong>Nusquam</strong></span> 
     </span>
     <span class='ocr_line' id='line_1_25' title="bbox 288 3224 1422 3333; baseline -0.009 -22"><span class='ocrx_word' id='word_1_183' title='bbox 288 3235 407 3333; x_wconf 76' lang='grc' dir='ltr'><strong><em>κλητήρ</em></strong></span> <span class='ocrx_word' id='word_1_184' title='bbox 427 3244 509 3309; x_wconf 85' lang='lat' dir='ltr'><strong>idem</strong></span> <span class='ocrx_word' id='word_1_185' title='bbox 531 3241 691 3330; x_wconf 77' lang='lat' dir='ltr'><strong>siguificat</strong></span> <span class='ocrx_word' id='word_1_186' title='bbox 712 3235 796 3322; x_wconf 88' lang='lat' dir='ltr'><strong>quod</strong></span> <span class='ocrx_word' id='word_1_187' title='bbox 818 3224 928 3321; x_wconf 75' lang='grc' dir='ltr'><strong><em>ντὴρυξ.</em></strong></span> <span class='ocrx_word' id='word_1_188' title='bbox 961 3233 1013 3297; x_wconf 82' lang='grc' dir='ltr'><strong>Νο</strong></span> <span class='ocrx_word' id='word_1_189' title='bbox 1035 3232 1151 3299; x_wconf 86' lang='lat' dir='ltr'><strong>multa:</strong></span> <span class='ocrx_word' id='word_1_190' title='bbox 1171 3235 1301 3324; x_wconf 77' lang='lat' dir='ltr'><strong>vulgata</strong></span> <span class='ocrx_word' id='word_1_191' title='bbox 1324 3236 1422 3302; x_wconf 84' lang='lat' dir='ltr'><strong>lectio</strong></span> 
     </span>
     <span class='ocr_line' id='line_1_26' title="bbox 289 3339 1421 3447; baseline -0.012 -22"><span class='ocrx_word' id='word_1_192' title='bbox 289 3364 337 3424; x_wconf 83' lang='lat' dir='ltr'><strong>est</strong></span> <span class='ocrx_word' id='word_1_193' title='bbox 353 3348 628 3447; x_wconf 76' lang='grc' dir='ltr'><strong><em>παραδιορθωστς</em></strong></span> <span class='ocrx_word' id='word_1_194' title='bbox 649 3351 819 3438; x_wconf 84' lang='lat' dir='ltr'><strong>scripturae</strong></span> <span class='ocrx_word' id='word_1_195' title='bbox 838 3347 913 3412; x_wconf 88' lang='lat' dir='ltr'><strong>libri</strong></span> <span class='ocrx_word' id='word_1_196' title='bbox 926 3347 1083 3412; x_wconf 88' lang='lat' dir='ltr'><strong>Medicei:</strong></span> <span class='ocrx_word' id='word_1_197' title='bbox 1107 3343 1268 3415; x_wconf 75' lang='grc' dir='ltr'><strong><em>ἔκλαναν</em></strong></span> <span class='ocrx_word' id='word_1_198' title='bbox 1289 3339 1421 3438; x_wconf 66' lang='lat' dir='ltr'><strong>criniri-</strong></span> 
     </span>
     <span class='ocr_line' id='line_1_27' title="bbox 289 3456 1420 3559; baseline -0.008 -22"><span class='ocrx_word' id='word_1_199' title='bbox 289 3494 382 3559; x_wconf 78' lang='lat' dir='ltr'><strong>copo</strong></span> <span class='ocrx_word' id='word_1_200' title='bbox 388 3492 407 3546; x_wconf 88' lang='grc' dir='ltr'><strong><em>ς</em></strong></span> <span class='ocrx_word' id='word_1_201' title='bbox 427 3461 474 3543; x_wconf 83' lang='grc' dir='ltr'><strong>ὠς</strong></span> <span class='ocrx_word' id='word_1_202' title='bbox 492 3460 573 3534; x_wconf 75' lang='grc' dir='ltr'><strong><em>εἶναι</em></strong></span> <span class='ocrx_word' id='word_1_203' title='bbox 591 3456 683 3549; x_wconf 82' lang='grc' dir='ltr'><strong><em>τόδε,</em></strong></span> <span class='ocrx_word' id='word_1_204' title='bbox 705 3466 741 3530; x_wconf 90' lang='lat' dir='ltr'><strong>in</strong></span> <span class='ocrx_word' id='word_1_205' title='bbox 760 3484 822 3550; x_wconf 89' lang='lat' dir='ltr'><strong>qua</strong></span> <span class='ocrx_word' id='word_1_206' title='bbox 840 3461 916 3527; x_wconf 89' lang='lat' dir='ltr'><strong>haec</strong></span> <span class='ocrx_word' id='word_1_207' title='bbox 936 3483 998 3526; x_wconf 93' lang='lat' dir='ltr'><strong>non</strong></span> <span class='ocrx_word' id='word_1_208' title='bbox 1009 3461 1114 3548; x_wconf 91' lang='lat' dir='ltr'><strong>paullo</strong></span> <span class='ocrx_word' id='word_1_209' title='bbox 1127 3462 1234 3527; x_wconf 90' lang='lat' dir='ltr'><strong>melior</strong></span> <span class='ocrx_word' id='word_1_210' title='bbox 1246 3462 1420 3531; x_wconf 84' lang='lat' dir='ltr'><strong>delitescit:</strong></span> 
     </span>
    </p>

    <p class='ocr_par' dir='ltr' id='par_1_8' title="bbox 288 3567 1172 3885">
     <span class='ocr_line' id='line_1_28' title="bbox 869 3567 1118 3663; baseline -0.012 -22"><span class='ocrx_word' id='word_1_211' title='bbox 869 3570 1014 3663; x_wconf 82' lang='grc' dir='ltr'><strong><em>Ἁργεῖος</em></strong></span> <span class='ocrx_word' id='word_1_212' title='bbox 1035 3567 1118 3649; x_wconf 70' lang='lat' dir='ltr'><strong>leuis</strong></span> 
     </span>
     <span class='ocr_line' id='line_1_29' title="bbox 537 3676 1172 3778; baseline -0.008 -23"><span class='ocrx_word' id='word_1_213' title='bbox 537 3683 666 3778; x_wconf 73' lang='grc' dir='ltr'><strong><em>ἔκρανεν</em></strong></span> <span class='ocrx_word' id='word_1_214' title='bbox 685 3677 962 3777; x_wconf 54' lang='lat' dir='ltr'><strong>scindimus-oie</strong></span> <span class='ocrx_word' id='word_1_215' title='bbox 984 3676 1064 3750; x_wconf 80' lang='grc' dir='ltr'><strong><em>εἶναι</em></strong></span> <span class='ocrx_word' id='word_1_216' title='bbox 1083 3676 1172 3750; x_wconf 79' lang='grc' dir='ltr'><strong><em>τάδε.</em></strong></span> 
     </span>
     <span class='ocr_line' id='line_1_30' title="bbox 288 3803 960 3885; baseline -0.013 -13"><span class='ocrx_word' id='word_1_217' title='bbox 288 3809 310 3873; x_wconf 88' lang='lat' dir='ltr'><strong>i.</strong></span> <span class='ocrx_word' id='word_1_218' title='bbox 333 3829 357 3872; x_wconf 90' lang='lat' dir='ltr'><strong>e.</strong></span> <span class='ocrx_word' id='word_1_219' title='bbox 380 3806 489 3871; x_wconf 73' lang='lat' dir='ltr'><strong>Dorici</strong></span> <span class='ocrx_word' id='word_1_220' title='bbox 511 3805 649 3869; x_wconf 80' lang='lat' dir='ltr'><strong>oratioue</strong></span> <span class='ocrx_word' id='word_1_221' title='bbox 662 3803 773 3885; x_wconf 81' lang='lat' dir='ltr'><strong>focile</strong></span> <span class='ocrx_word' id='word_1_222' title='bbox 794 3808 960 3884; x_wconf 72' lang='grc' dir='ltr'><strong><em>ρετνκολκν.</em></strong></span> 
     </span>
    </p>

    <p class='ocr_par' dir='ltr' id='par_1_9' title="bbox 289 3902 1422 4336">
     <span class='ocr_line' id='line_1_31' title="bbox 333 3902 1422 4004; baseline -0.011 -17"><span class='ocrx_word' id='word_1_223' title='bbox 333 3923 510 3995; x_wconf 79' lang='lat' dir='ltr'><strong>Quiautem</strong></span> <span class='ocrx_word' id='word_1_224' title='bbox 537 3923 707 4004; x_wconf 88' lang='lat' dir='ltr'><strong>sequuntur</strong></span> <span class='ocrx_word' id='word_1_225' title='bbox 730 3917 792 3980; x_wconf 89' lang='lat' dir='ltr'><strong>duo</strong></span> <span class='ocrx_word' id='word_1_226' title='bbox 812 3938 872 3980; x_wconf 85' lang='lat' dir='ltr'><strong>ves.</strong></span> <span class='ocrx_word' id='word_1_227' title='bbox 895 3915 959 3978; x_wconf 76' lang='grc'><strong>623</strong></span> <span class='ocrx_word' id='word_1_228' title='bbox 984 3935 1046 3998; x_wconf 87' lang='lat' dir='ltr'><strong>sq.:</strong></span> <span class='ocrx_word' id='word_1_229' title='bbox 1069 3902 1422 4000; x_wconf 70' lang='lat' dir='ltr'><strong>Apprpydpovs-udioc</strong></span> 
     </span>
     <span class='ocr_line' id='line_1_32' title="bbox 289 4024 1422 4125; baseline -0.011 -21"><span class='ocrx_word' id='word_1_230' title='bbox 289 4036 447 4125; x_wconf 84' lang='lat' dir='ltr'><strong>relegandi</strong></span> <span class='ocrx_word' id='word_1_231' title='bbox 469 4033 613 4100; x_wconf 86' lang='lat' dir='ltr'><strong>videntur</strong></span> <span class='ocrx_word' id='word_1_232' title='bbox 632 4032 666 4097; x_wconf 91' lang='lat' dir='ltr'><strong>in</strong></span> <span class='ocrx_word' id='word_1_233' title='bbox 687 4033 872 4119; x_wconf 83' lang='lat' dir='ltr'><strong>marginem,</strong></span> <span class='ocrx_word' id='word_1_234' title='bbox 895 4029 949 4094; x_wconf 89' lang='lat' dir='ltr'><strong>ubi</strong></span> <span class='ocrx_word' id='word_1_235' title='bbox 970 4027 1044 4093; x_wconf 93' lang='lat' dir='ltr'><strong>olim</strong></span> <span class='ocrx_word' id='word_1_236' title='bbox 1065 4048 1082 4091; x_wconf 91' lang='lat' dir='ltr'><strong>e</strong></span> <span class='ocrx_word' id='word_1_237' title='bbox 1100 4025 1261 4113; x_wconf 88' lang='lat' dir='ltr'><strong>deperdito</strong></span> <span class='ocrx_word' id='word_1_238' title='bbox 1283 4024 1422 4091; x_wconf 83' lang='lat' dir='ltr'><strong>dramate</strong></span> 
     </span>
     <span class='ocr_line' id='line_1_33' title="bbox 290 4145 1421 4238; baseline -0.015 -16"><span class='ocrx_word' id='word_1_239' title='bbox 290 4152 461 4238; x_wconf 77' lang='lat' dir='ltr'><strong>Aeschyleo</strong></span> <span class='ocrx_word' id='word_1_240' title='bbox 477 4149 630 4235; x_wconf 82' lang='lat' dir='ltr'><strong>adscripti</strong></span> <span class='ocrx_word' id='word_1_241' title='bbox 651 4170 717 4214; x_wconf 87' lang='lat' dir='ltr'><strong>esse</strong></span> <span class='ocrx_word' id='word_1_242' title='bbox 739 4148 882 4214; x_wconf 86' lang='lat' dir='ltr'><strong>ridentur</strong></span> <span class='ocrx_word' id='word_1_243' title='bbox 902 4145 940 4209; x_wconf 84' lang='lat' dir='ltr'><strong>ad</strong></span> <span class='ocrx_word' id='word_1_244' title='bbox 958 4166 1002 4210; x_wconf 88' lang='lat' dir='ltr'><strong>vs.</strong></span> <span class='ocrx_word' id='word_1_245' title='bbox 1024 4145 1090 4208; x_wconf 72' lang='lat'><strong>621</strong></span> <span class='ocrx_word' id='word_1_246' title='bbox 1114 4164 1160 4227; x_wconf 84' lang='lat' dir='ltr'><strong>sq.</strong></span> <span class='ocrx_word' id='word_1_247' title='bbox 1181 4146 1306 4227; x_wconf 89' lang='lat' dir='ltr'><strong>propter</strong></span> <span class='ocrx_word' id='word_1_248' title='bbox 1325 4162 1421 4229; x_wconf 80' lang='lat' dir='ltr'><strong>argu-</strong></span> 
     </span>
     <span class='ocr_line' id='line_1_34' title="bbox 291 4263 653 4336; baseline -0.019 -1"><span class='ocrx_word' id='word_1_249' title='bbox 291 4269 386 4336; x_wconf 90' lang='lat' dir='ltr'><strong>menti</strong></span> <span class='ocrx_word' id='word_1_250' title='bbox 408 4263 653 4333; x_wconf 85' lang='lat' dir='ltr'><strong>similitudinem.</strong></span> 
     </span>
    </p>

    <p class='ocr_par' dir='ltr' id='par_1_10' title="bbox 334 4355 1377 4466">
     <span class='ocr_line' id='line_1_35' title="bbox 334 4355 1377 4466; baseline -0.017 -17"><span class='ocrx_word' id='word_1_251' title='bbox 334 4384 390 4452; x_wconf 88' lang='lat' dir='ltr'><strong>Vs.</strong></span> <span class='ocrx_word' id='word_1_252' title='bbox 412 4381 478 4453; x_wconf 28' lang='lat'><strong>⁷⁷16</strong></span> <span class='ocrx_word' id='word_1_253' title='bbox 500 4402 579 4466; x_wconf 88' lang='lat' dir='ltr'><strong>sqq.:</strong></span> <span class='ocrx_word' id='word_1_254' title='bbox 603 4376 656 4444; x_wconf 81' lang='lat' dir='ltr'><strong>uui</strong></span> <span class='ocrx_word' id='word_1_255' title='bbox 676 4378 796 4465; x_wconf 82' lang='grc' dir='ltr'><strong><em>πρῷρα</em></strong></span> <span class='ocrx_word' id='word_1_256' title='bbox 817 4368 968 4462; x_wconf 81' lang='grc' dir='ltr'><strong><em>πρόσθεν</em></strong></span> <span class='ocrx_word' id='word_1_257' title='bbox 987 4362 1113 4456; x_wconf 74' lang='grc' dir='ltr'><strong><em>ὄμμασι</em></strong></span> <span class='ocrx_word' id='word_1_258' title='bbox 1131 4361 1286 4449; x_wconf 77' lang='grc' dir='ltr'><strong><em>βλέποντ’</em></strong></span> <span class='ocrx_word' id='word_1_259' title='bbox 1299 4355 1377 4432; x_wconf 78' lang='lat' dir='ltr'><strong>o‘ddr</strong></span> 
     </span>
    </p>
   </div>
   <div class='ocr_carea' id='block_1_3' title="bbox 0 0 1516 5264">
    <p class='ocr_par' dir='ltr' id='par_1_11' title="bbox 0 0 1516 5264">
     <span class='ocr_line' id='line_1_36' title="bbox 0 0 1516 5264; baseline 0 0"><span class='ocrx_word' id='word_1_260' title='bbox 0 0 1516 5264; x_wconf 95' lang='lat' dir='ltr'><strong> </strong></span> 
     </span>
    </p>
   </div>
  </div>
 </body>
</html>
