3024 5264
740 396 760 465 8

227 577 319 666 Apud
344 577 525 644 Nauckium
548 575 892 643 N⁰.292intar1nc.
917 575 992 642 rac.
1027 574 1137 662 fragm.
1168 575 1323 662 scriptum

184 695 290 767 videm

392 797 483 876 οίίτοι
502 800 536 891 μ’
556 798 694 896 ίίττειρον
715 808 814 897 τῆσδε
833 808 893 896 τῆς
912 805 1127 896 προσῳδίας.’

184 947 274 1012 quem
309 947 428 990 versum
463 922 671 1010 Aeschyleum
704 922 847 991 laudavit
878 922 1108 990 Grammaticus
1138 923 1172 989 in
1203 918 1327 990 Anecd.

186 1044 288 1108 Onon.
312 1042 371 1108 vol.
397 1041 457 1119 IV,
479 1064 550 1129 pag.
571 1042 652 1120 315,
676 1047 718 1107 28
742 1042 779 1106 ad
803 1041 994 1129 probandum
1018 1039 1208 1128 προσῳδίαν
1227 1042 1328 1124 inter·

186 1158 258 1224 dum
282 1159 414 1223 κεῖσθαι
439 1145 496 1221 ἔστί
514 1156 572 1246 τῆς
600 1146 941 1246 προσφωνήσεως,
963 1147 1081 1243 αὐτῆς
1102 1146 1173 1237 μετ’
1192 1145 1329 1243 ὀριγάνου

187 1272 308 1362 φωνῆς.
341 1271 474 1358 Legitur
496 1271 529 1336 in
551 1267 618 1336 cod.
643 1259 747 1354 σίτιιί
766 1267 839 1350 ne,
860 1269 943 1356 qnod
967 1275 1022 1336 aut
1040 1270 1084 1334 its
1108 1268 1327 1358 corrigendum

186 1394 249 1467 est,
272 1393 308 1454 ut
330 1389 405 1454 fecit
427 1387 614 1463 Nauckius‚
636 1391 690 1453 ant
713 1386 930 1453 scribendum:

498 1491 568 1569 οὔτ’
588 1490 652 1585 εἰμ’
671 1491 810 1588 δίπειρος
829 1500 931 1589 τῆσδε
950 1496 1014 1567 ari.

233 1617 347 1685 Utrum
369 1615 471 1682 verius
495 1615 558 1695 sit,
581 1613 711 1681 aliorum
731 1623 799 1680 esto
816 1614 980 1681 indicium.

233 1963 421 2034 Plutarchus
440 1965 521 2031 Mor.
542 1988 571 2053 p.
591 1966 653 2031 827
677 1987 703 2030 c.
725 1969 756 2031 et
775 1965 807 2029 in
830 1966 885 2031 rit.
906 1965 1043 2031 Demetr.
1062 1987 1088 2030 c.
1105 1965 1147 2032 35
1161 1970 1331 2033 auctorest

190 2082 380 2148 Demetrium
404 2081 607 2148 Poliorcetem
631 2103 725 2166 quum
750 2103 845 2170 regno
866 2080 1035 2148 excidisset
1054 2074 1142 2174 πρδς
1161 2073 1217 2172 τήν
1231 2071 1332 2172 τδχην

189 2187 467 2286 ἀναφθέγξασθαι
485 2186 524 2263 τδ
544 2186 741 2280 Αἰσχύλειον

295 2300 341 2377 Σύ
360 2308 414 2376 τοί
432 2330 480 2391 με
506 2309 661 2397 φυσᾷς,
688 2301 729 2376 σί
749 2331 792 2395 με
812 2307 1018 2377 καταίθειν
1038 2310 1156 2383 δοκεῖς.

235 2424 369 2490 Diversa
391 2428 552 2489 tentarunt
582 2424 642 2489 viri
667 2423 770 2504 docti,
804 2424 885 2490 inter
920 2447 997 2510 quos
1029 2422 1158 2509 reliquis
1184 2420 1334 2487 omuibus

190 2539 314 2606 felicior
336 2538 413 2604 mihi
433 2541 530 2605 fuisse
554 2539 676 2606 videtur
700 2539 856 2607 Heathius
881 2542 1038 2608 scribens:

356 2643 397 2718 σδ
417 2651 470 2719 τοί
490 2644 525 2737 μ’
546 2646 688 2741 ἔφυσας,
712 2645 753 2720 σί
774 2677 816 2738 με
836 2656 1039 2742 καταφδιεῖν
1059 2655 1174 2729 δοκεῖς.

236 2766 371 2835 Fallitur
394 2772 496 2834 tamen
520 2770 717 2854 καταφδιεῖν
740 2767 897 2836 Graecum
926 2792 991 2835 esse
1014 2774 1127 2857 putens
1154 2789 1212 2856 pro
1234 2788 1335 2832 aorc-

194 2879 341 2974 φθίσειν,
362 2883 513 2969 Equidem
538 2883 693 2950 coniicio:

198 3082 202 3087 .
298 2985 339 3061 ον’
360 2996 415 3064 τοί
432 2989 466 3082 μ’
486 2993 651 3089 ἔφυσας,
673 2989 712 3064 ου’
734 2997 770 3066 δέ
790 3023 833 3084 με
852 2997 919 3065 καί
940 2996 1104 3088 φθίνειν
1123 2997 1244 3076 δοκεῖς,

193 3109 242 3176 rel
266 3097 335 3196 τίχ’
355 3102 376 3198 ἢ
394 3133 437 3195 με
459 3102 597 3201 φίσασα
619 3102 659 3177 σί
681 3135 723 3194 με
743 3109 798 3177 καί
822 3111 957 3201 φθίνειν
980 3113 1101 3192 δοκεῖς,
1125 3110 1178 3176 sed
1199 3109 1332 3197 priorem

195 3249 284 3312 quam
308 3226 453 3314 proposui
477 3227 628 3292 rationem
651 3228 797 3312 praefero.

241 3574 326 3642 Plut.
348 3575 430 3642 Mor.
453 3600 479 3662 p.
503 3581 570 3642 434
592 3580 630 3643 A.
653 3575 706 3642 καί
728 3577 787 3666 τῆς
808 3574 840 3644 ἐν
862 3567 986 3664 Εὐβοίᾳ
1007 3572 1208 3660 χαλκίτιδος,
1238 3571 1274 3654 ἐξ
1294 3563 1336 3662 ἧς

197 3687 440 3779 ἐδημιουργεῖτο
482 3685 525 3756 τοὶ
564 3682 798 3782 ψυχρήλατα
839 3691 903 3757 τῶν
933 3688 1051 3778 ξιφῶν,
1091 3681 1137 3763 οἷς
1167 3674 1337 3770 Αἰσχύλος

197 3802 324 3892 cippus·

259 3996 261 4001 A
366 3907 476 3999 λαβών
496 3909 568 4005 peip
591 3906 833 3982 αὐτόθακτον
852 3905 1011 3996 Εὐβοικὸν
1029 3909 1138 4002 ξίφος.
1189 3934 1192 3938 ’

243 4029 405 4115 Xylander
427 4019 637 4122 αὐτόθηκτον,
659 4030 857 4096 Hermannns
879 4018 1058 4116 αδδθηκτον
1068 4028 1107 4103 ci.
1119 4025 1243 4101 Quibus
1260 4048 1338 4093 con·

198 4147 329 4213 iacturis
351 4169 444 4231 quum
470 4146 550 4212 nihil
574 4148 789 4235 proficiamus,
812 4143 987 4210 tentabam:

406 4254 516 4338 λαβοίν
533 4251 836 4350 καρυςδβανττον
855 4249 1013 4342 Εὕβοικδν
1032 4257 1140 4349 ξίφος.

245 4373 372 4441 Nobilis
406 4380 508 4441 autem
532 4383 614 4453 erat,
644 4376 727 4460 quod
762 4397 854 4440 nemo
877 4373 1021 4461 ignorat,
1046 4375 1195 4459 Carystus
1225 4368 1340 4437 civitas
