3024 5264
716 398 778 462 150

228 568 302 653 Cap.
319 567 377 633 80:
401 559 537 654 ἤλπιζον
550 559 755 657 ἀποςρέψαι.
770 574 837 638 Aut
852 575 1049 642 inserendum
1062 568 1115 658 ἅν,
1137 585 1190 644 aut
1205 582 1314 647 reueri-

185 681 319 747 bendum
353 672 574 768 οἷποςρὲψειν,
612 682 696 766 quod
722 687 934 770 praetulerim,
968 692 1040 776 quiu
1072 691 1161 757 codd.
1190 694 1314 779 quidam

183 796 296 862 habent
323 787 534 881 ἀποτρέψειν.
560 794 698 863 Ibidem:
721 792 928 886 φοβούμενοι
956 796 1060 870 αὐτῶν
1088 799 1145 893 τήν
1172 799 1316 896 νεότητα

184 908 238 974 καλ
257 903 295 975 ια’
318 908 458 995 πλῆθος.
482 907 557 972 cod.
588 913 669 999 Aug.
700 903 890 1001 ...νεότητα
914 917 986 982 Vut.
1011 918 1053 982 H.
1083 919 1181 984 Bekre
1207 913 1316 987 σκαιό-

184 1044 273 1109 τητα.
290 1023 347 1087 Rei
366 1024 559 1088 eonveniret:
580 1018 637 1111 τήν
657 1017 941 1116 ἀβεβαιότητα.
965 1034 1003 1097 In
1021 1057 1086 1121 cup.
1102 1035 1180 1100 med.
1196 1029 1230 1099 ἐν
1247 1039 1317 1108 τοῖς

185 1133 399 1218 πολεμίοις
419 1128 529 1224 ἅριςοι
552 1141 661 1224 utique
679 1143 887 1228 reponendum
914 1146 1159 1230 πολεμικοῖς.

232 1248 305 1334 Gap.
317 1252 360 1312 83
376 1271 436 1313 non
455 1254 618 1337 proculab
640 1256 722 1320 init:
743 1247 809 1344 ἔφη
830 1249 1013 1339 βούλεσθαι
1034 1258 1192 1347 πριῦτον
1211 1252 1319 1324 ἐλθών

186 1362 248 1427 κτὲ.
271 1365 355 1450 Lege
377 1359 582 1454 πρότερον.

233 1478 307 1564 Gap.
338 1479 380 1543 85
413 1482 489 1542 extr.
510 1476 617 1544 καίτοι
639 1479 757 1566 ςρατιῇ
786 1473 866 1569 τῇδ’,
898 1474 936 1568 ἣν
968 1481 1022 1547 νῦν
1054 1473 1116 1567 ἐγώ
1149 1475 1228 1564 ἔχω,
1261 1476 1319 1544 ἐπὶ

187 1590 331 1658 Νισαίαν
350 1586 430 1672 ἐμοῦ
449 1582 693 1680 βοηθήσαντος,
715 1588 772 1657 οῦκ
792 1584 958 1680 ἠθέλησαν
984 1585 1159 1681 Ἀθηναῖοι
1182 1589 1319 1666 πλέονες

188 1695 279 1778 ὄντες
299 1703 499 1790 προσμῖξαι,
533 1694 590 1781 ὦς’
618 1695 676 1768 οῦκ
703 1697 789 1778 εἰκὸς
808 1704 897 1792 νηΐτῃ
918 1727 955 1790 με
987 1696 1104 1781 αὐτοῦς
1126 1704 1175 1788 τῷ
1204 1700 1318 1770 ⁶²er-

65 1809 68 1814 ’
187 1811 266 1900 σαληι
288 1815 399 1902 ςρατηῖ
421 1815 492 1880 ἰ’σον
512 1814 642 1902 πλῆθος
661 1806 716 1902 ἐφ’
741 1807 827 1899 ῦμᾶς
854 1807 1035 1895 ἆποςεῑλαι.
1065 1818 1203 1903 Requiro
1235 1811 1319 1881 ἀπο-

189 1924 305 2009 ςελεῖν,·
329 1933 360 1992 et
379 1927 428 2010 τῷ
450 1926 535 1991 ἐκεῖ
553 1946 660 2014 ςρατῳ
684 1951 752 1994 oum
770 1929 837 1994 ood.
859 1929 1012 1996 Palatino.
1029 1933 1165 2005 Quidam
1178 1929 1266 1997 codd.
1283 1928 1317 1992 in

189 2065 276 2108 verso
288 2043 395 2107 ordine
407 2033 470 2121 ἔχω
491 2029 564 2124 ἐγώ.
587 2042 761 2108 Pronomen
778 2046 881 2111 abesse
896 2048 1011 2114 malim.
1024 2049 1167 2115 Ceterum
1179 2046 1320 2135 graviore

189 2158 317 2223 vulnere
338 2158 475 2222 laborare
498 2156 638 2222 ultimam
657 2159 776 2244 periodi
796 2168 913 2247 partem
933 2165 966 2228 in
990 2165 1095 2251 uprieo
1117 2168 1173 2228 est.
1197 2160 1318 2227 Ibidem

191 2277 247 2358 §4
271 2272 467 2339 scribendum
490 2272 625 2338 videtur:
645 2264 788 2340 κίνδυνόν
817 2298 854 2341 τε
882 2268 1007 2347 τοσόνιλ
1038 2268 1321 2364 οἷνερρλφαμεν

190 2411 246 2476 pro
269 2390 396 2454 Aorieto
418 2382 648 2474 ἀναρρίψομεν.

235 2506 311 2590 Cap.
333 2509 375 2567 88
409 2504 427 2585 p
453 2503 491 2565 1:
522 2496 576 2562 καὶ
609 2496 718 2585 [περὶ]
749 2502 808 2565 τοῦ
830 2502 961 2590 καρποῦ
989 2493 1088 2591 φόβῳ
1119 2495 1260 2586 ἔγνωσαν
1287 2493 1321 2561 οἱ

189 2617 325 2691 πλείους
345 2613 543 2703 ἀφίςασθαι.
567 2613 644 2677 Dele
655 2617 932 2702 praepositionem,
953 2639 1030 2701 quae
1041 2616 1103 2680 vim
1116 2615 1210 2679 infert
1222 2613 1318 2678 Grae·

191 2733 289 2796 citati.
312 2728 362 2796 Of.
386 2751 450 2814 τερ.
475 2732 519 2799 84,
540 2729 559 2812 ᾧ
583 2730 618 2793 2:
646 2723 735 2811 ὅμως
756 2726 793 2795 δὲ
815 2724 881 2795 diei
902 2733 971 2796 τοῦ
991 2727 1143 2818 καρποῦ
1162 2718 1205 2790 vd
1231 2721 1320 2797 δέος

190 2840 238 2911 ἔτι
260 2839 322 2924 ἔξω
345 2834 439 2918 λ’ντος
468 2839 608 2907 πεισθὲν
636 2839 673 2908 τὸ
702 2842 842 2930 πλῆθος.
866 2845 1015 2910 Similiter
1037 2841 1105 2906 illio
1129 2837 1319 2925 scripserim:

190 2958 250 3023 τοῦ
269 2955 399 3043 καρποῦ
419 2956 472 3038 τῷ
490 2943 600 3041 φόβῳ.

233 3072 307 3157 Gap.
329 3075 371 3133 89
392 3071 410 3152 ρ
433 3071 453 3133 2
476 3068 558 3154 lege:
583 3059 601 3131 o‘
623 3065 680 3144 μὲν
700 3067 916 3157 Δημοσθένης
936 3059 1134 3155 πρότερος
1157 3052 1318 3142 πλεύσας,

189 3186 355 3274 opponitur
375 3185 456 3247 enim
481 3180 556 3268 Cap.
580 3184 624 3248 90
647 3184 665 3268 p
691 3185 725 3247 1:
756 3173 775 3247 ὁ
798 3174 828 3245 δ’
845 3170 1056 3267 Ἱπποκράτης
1076 3171 1217 3263 ῦςερος
1239 3165 1318 3259 <ipe

192 3303 319 3367 κινεῖται.

235 3411 311 3498 Cap.
338 3415 379 3474 89
405 3413 497 3473 extr:
528 3401 568 3473 στ’
594 3401 655 3494 γάρ
686 3431 740 3474 πω
769 3396 979 3492 Ἱπποκράτης
1008 3392 1194 3489 παρελύπει
1222 3394 1320 3481 ἕκτῇ

190 3528 237 3616 γῇ
259 3518 312 3592 div.
336 3525 501 3610 Suspicor:
530 3522 563 3589 ἐν
589 3522 634 3609 τῇ
662 3522 708 3607 γῇ
727 3519 787 3609 ἤδη
808 3514 861 3584 ὤν.
885 3521 1045 3585 Praeterea
1074 3514 1178 3580 malim
1205 3500 1321 3575 οῦδὲν

191 3633 252 3727 γὰρ
274 3638 357 3719 κτλ,
383 3660 443 3724 qua
467 3643 566 3702 tamen
590 3636 754 3702 novatione
776 3637 906 3701 fortusse
929 3657 1006 3721 opus
1032 3653 1095 3696 non
1119 3633 1174 3694 eet.

235 3754 308 3841 Cup.
331 3759 372 3819 90
397 3753 475 3817 init:
496 3748 613 3838 Δήλιον
635 3748 772 3833 ἐτείχιζε
792 3749 912 3832 τοιῷδε
937 3738 1052 3834 τρόπῳ
1081 3734 1133 3826 [τὸ
1156 3731 1244 3829 ἱερὸν
1264 3736 1323 3802 τοῦ

188 3859 414 3948 Ἀπόλλωνος]
444 3869 518 3953 lpso
552 3866 638 3944 loeo,
671 3886 733 3949 quo
756 3863 891 3951 legitur,
926 3859 1114 3925 alienissimo
1137 3856 1321 3939 interpreto-

192 3987 327 4046 mentum
348 3983 498 4069 arguitur.
529 3982 666 4047 Potitum
697 3985 745 4046 est
767 3955 881 4066 o‘Oup.
904 3982 956 4043 76.

234 4098 309 4183 Cap.
332 4101 374 4160 91
397 4103 491 4161 exte:
511 4087 681 4182 ἡγεμονίας
703 4086 803 4182 οῦσης
825 4085 951 4156 αὐτοῦ.
974 4091 1130 4156 Fortasse:
1159 4084 1228 4171 τῆς
1248 4073 1321 4167 ἦγε.

191 4208 305 4292 μονλας
326 4201 427 4297 οῦσης
446 4205 549 4293 αῦτηῖ
567 4200 666 4275 τότε.

235 4326 306 4410 Cap.
324 4328 366 4387 92
384 4325 469 4388 init:
493 4319 546 4387 καί
569 4319 632 4386 εἰσι
654 4311 759 4408 δήπου
781 4316 949 4401 πολέμιοι,
973 4314 1008 4382 ἐν
1030 4305 1058 4398 ᾦ
1079 4335 1120 4378 τε
1142 4302 1187 4374 civ
1207 4304 1318 4393 χωρίῳ
