3024 5264
733 437 771 498 21

182 634 244 699 qne
278 635 296 678 e
326 611 401 678 viris
433 609 536 678 doctis
559 613 675 678 factum
699 636 764 679 esse
789 610 895 691 video,
923 633 1052 698 quorum
1079 609 1198 677 diverse
1222 614 1324 676 tenta·

185 731 271 795 mina
294 734 491 796 recensentur
514 729 552 795 nb
581 730 723 797 Albertio
756 731 793 796 ad
825 729 1018 816 Hesychium
1044 728 1201 796 Scribitur
1222 732 1323 793 autem

186 847 268 934 apud
287 845 477 933 Hesychium
509 847 570 912 sic:

230 959 389 1049 Κουρίου·
411 960 586 1049 Σοφοκλῆς
606 952 818 1051 Ἀνδρομέδᾳ·
839 952 1101 1051 ἦμιοοτόνκοριον
1121 961 1199 1046 (sio)
1220 953 1323 1052 ᾑρέθη

187 1073 284 1144 πόλει
292 1066 392 1160 νόμος
403 1064 464 1163 χόρ
488 1068 557 1140 ἐστι
578 1079 649 1151 τοῖς
666 1065 850 1166 βαρβάροις
871 1073 1046 1164 θυραυλεῖν
1064 1065 1215 1162 βρότειον
1228 1071 1324 1165 ἀρχῖμ

190 1195 244 1258 θεν
264 1187 360 1280 χέρας
383 1189 454 1276 (sic)
478 1189 527 1275 τῷ
548 1178 675 1278 Κρόνῳ.

229 1307 269 1370 In
284 1307 965 1373 ΑΝΔΡΟΜΕΔΑΙΗΜΙΟΥΤΟΚΟΡΙΟΝ
985 1299 1043 1385 (sic
1063 1303 1143 1367 enim
1157 1302 1254 1368 codex
1266 1324 1324 1368 sec.

188 1421 376 1488 Nauckium.
401 1407 689 1507 Vulgouov'perov.)
716 1417 888 1499 delitescit,
911 1420 944 1484 ni
965 1416 1155 1496 fallor‚haeo
1172 1419 1325 1504 scriptura

187 1538 948 1619 ANAPOMEAAIAZHMIONTOKOPION,
995 1540 1025 1600 et
1047 1533 1194 1622 Sophocli
1222 1535 1325 1602 reddi·

189 1651 302 1716 derim:

392 1752 620 1851 ἆζῆμιοντό
639 1751 776 1851 κόριον
797 1754 900 1852 ᾑρέθη
922 1754 1028 1832 πόλει.

391 1867 491 1962 νόμος
510 1864 572 1964 γάρ
594 1872 662 1941 ἐστι
681 1879 768 1942 τοῖοι
788 1867 971 1966 βαρβάροις
993 1867 1109 1965 Κρόνῳ

396 1988 573 2078 θοηιτολεῒν
589 1978 740 2076 βρότειον
761 1977 900 2078 ἀρχῆθεν
921 1987 1028 2081 χέρας.

185 2106 206 2172 ‘n
238 2129 264 2171 e.
291 2104 393 2191 Οιιθμα
426 2126 544 2170 vocam
572 2104 686 2188 puella
717 2127 738 2168 ο
772 2104 891 2170 ciuibus
923 2107 1045 2173 delecta
1079 2114 1134 2173 eet.
1161 2107 1223 2172 nst
1245 2105 1326 2172 οιιὶινι

186 2246 251 2290 nor
272 2228 330 2289 cet.
833 2259 837 2265 ·

232 2338 281 2404 Ex
299 2358 359 2424 qua
371 2336 550 2416 coniectura
572 2322 712 2426 ἀζήμιος
731 2333 794 2402 h.l.
811 2334 928 2403 dictum
952 2342 999 2404 est
1010 2336 1113 2404 eadem
1126 2336 1325 2426 significandi

188 2458 358 2542 potestate,
402 2473 463 2538 qua
497 2451 558 2518 hoc
592 2451 778 2518 adiectivum
818 2452 962 2519 adhibuit
995 2452 1163 2541 Sophocles
1206 2455 1324 2520 Eleon.

188 2594 231 2637 vs.
258 2572 353 2635 1102.
377 2568 478 2635 Verba
503 2591 568 2634 esse
591 2568 738 2634 videntur
760 2569 975 2636 nesciocuius
997 2570 1035 2635 ad
1059 2571 1203 2636 Perseum
1216 2571 1325 2636 scisci-

187 2691 319 2764 tantem,
348 2685 425 2772 qaid
451 2686 644 2749 Andromeda
667 2685 867 2770 deliquisset,
884 2692 921 2752 ut
943 2693 1007 2752 tam
1029 2687 1149 2752 οντιθεέὶ
1169 2687 1325 2772 supplicio

189 2803 418 2869 οοιόἱθνεεκὶε
436 2804 615 2890 afficeretur.
641 2802 680 2865 In
702 2802 896 2888 corrigendis
920 2826 963 2869 vs.
988 2805 1007 2868 2
1032 2807 1063 2869 et
1082 2806 1241 2870 dsecutus
1256 2824 1324 2869 sum

189 2917 315 2985 aliorum
339 2918 530 3004 suspiciones
554 2916 717 2982 admodum
741 2917 925 3004 probabiles.

203 3290 205 3296 ’
233 3293 333 3360 Miror
350 3290 492 3357 homines
515 3291 639 3369 doctos,
660 3313 755 3377 quum
774 3291 812 3357 ad
824 3290 1045 3359 illustrandum
1057 3293 1150 3361 breve
1160 3293 1325 3382 Sophoclis

187 3411 392 3498 fragmentum
417 3430 455 3473 ex
478 3411 627 3474 Οοινοκιοο
648 3430 695 3495 ap.
720 3405 835 3486 Athen,
858 3407 908 3476 IX
931 3432 961 3497 p.
984 3413 1048 3475 410
1073 3431 1116 3476 c:

385 3520 537 3588 Σκυθιστὶ
545 3511 779 3610 χειρόμακτρον
798 3519 1090 3612 ἐκκεκαρμένος.

186 3639 326 3727 apposite
354 3635 482 3702 landent
519 3634 653 3723 glossam
689 3635 857 3720 Hesychii:
901 3634 1053 3703 Σκυθιστὶ
1073 3624 1325 3723 χειρόμακτρον·

185 3753 221 3820 οἱ
233 3747 351 3819 Σκύθαι
362 3750 427 3815 τῶν
437 3747 685 3834 λαμβανομένων
696 3747 728 3814 ἐν
742 3748 899 3831 πολέμοις
911 3739 1098 3837 ανθρώπων
1105 3741 1166 3823 τοῖς
1179 3737 1327 3836 κεφαέιές

185 3863 380 3952 ἐκδέροντες,
409 3867 478 3937 τοῖς
497 3859 654 3948 δέρμασιν
676 3854 747 3928 nivel
768 3852 1011 3951 χειρομόκτρων
1034 3857 1190 3948 ἐχρῶντο,
1212 3859 1324 3938 miror,

184 3981 331 4064 inquam,
354 3999 404 4041 eos
416 3998 478 4041 non
491 3975 583 4041 simul
594 3974 668 4041 inde
679 3975 828 4063 Sophocli
840 3975 1028 4050 reddidisse,
1050 3974 1134 4059 quod
1146 3975 1324 4063 scripserat:

395 4088 545 4157 Σκυθιστὶ
564 4082 798 4178 χειρόμακτρον
819 4085 1113 4177 έκθεόαρμένος.

234 4205 373 4270 Notatur
388 4204 468 4269 enim
481 4202 541 4270 hoc
553 4228 661 4276 versu,
683 4205 765 4292 quod
777 4210 861 4271 recte
871 4205 932 4269 iam
948 4202 987 4268 ab
998 4201 1068 4268 eliis
1081 4201 1323 4268 animadversum

186 4324 255 4398 est,
278 4321 429 4386 Oenomai
446 4320 613 4388 crudelitas
636 4322 669 4386 in
693 4343 762 4400 eos,
785 4343 863 4407 quos
885 4318 1096 4407 Hippodamia
1118 4339 1212 4383 cursu
1234 4339 1325 4403 supe-

184 4440 294 4505 resset.

683 4531 833 4547 —
