3024 5264
751 456 794 531 tl

619 717 824 785 carun
867 717 931 785 111.
998 671 1001 678 ⁵

393 947 650 994 unnormonns
673 949 719 994 AD
742 948 915 995 EURIPIDIS
938 949 1154 995 rutulum

228 1361 330 1428 Stob.
365 1361 448 1430 utor.
482 1361 591 1442 LXV,
616 1367 652 1429 1:
674 1354 856 1448 Ειῖριπίθου
882 1351 1037 1446 Αἰόλῳ·

408 1477 510 1560 ἴδοιμι
533 1468 563 1542 θ’
583 1469 689 1543 αθτών
710 1465 810 1562 ἔκγοώ
832 1464 939 1564 ἄρσεν’
961 1465 1124 1565 ἀρσένων·

407 1586 617 1678 πρῶτονμὲν
639 1582 726 1664 εἶδος
746 1583 837 1668 ἄξιον
857 1585 1064 1675 τυραννίδος,

407 1701 572 1791 πλείςης
592 1696 654 1792 γαρ
678 1694 821 1791 αἱρετῆς
841 1692 931 1767 τοῦθ’
951 1693 1098 1788 ὕπαρχον
1120 1696 1152 1765 ἐν
1170 1700 1252 1782 βιῷ·

406 1809 462 1904 τήν
482 1812 614 1895 ἀξίωσιν
634 1816 700 1880 τών
719 1813 825 1879 καλῶν
846 1807 884 1880 τὸ
907 1804 991 1897 σῶμ’
1012 1807 1103 1896 ἔχειν.

234 1928 299 1994 Va.
333 1932 352 1994 3
384 1953 420 1995 ex
444 1931 570 2018 ingenio
594 1930 712 1995 correxi
737 1927 894 2018 vulgatam
920 1927 1122 2014 scripturam:
1144 1920 1262 2012 πλείςη
1277 1913 1339 2012 γαρ

183 2035 298 2132 ἀρετῇ
319 2034 416 2109 τοῦθ’
434 2043 497 2109 nri.
519 2047 635 2111 Sensus
655 2046 734 2110 enim
755 2043 808 2109 lrio
821 2050 883 2110 est:
896 2068 966 2109 uam
973 2043 1134 2129 plurimae
1145 2043 1199 2104 θοι
1214 2037 1341 2104 virtutis

180 2159 472 2244 principiorum,
496 2163 634 2249 atquem
659 2163 793 2247 corporis
810 2164 923 2247 formu
943 2162 987 2224 αθ
1002 2160 1171 2246 praeclara
1192 2155 1341 2241 facinora

182 2281 346 2359 provocet,

241 2623 332 2690 stob.
355 2625 490 2706 XLIII,
514 2633 565 2694 20.
589 2652 626 2694 ex
650 2627 715 2693 ead.
739 2628 816 2692 fab.:

267 2739 324 2805 Vs.
359 2746 378 2807 5
403 2731 490 2832 ἂμῆ
510 2738 573 2833 γαρ
597 2737 736 2827 ἔστιτῷ
758 2731 880 2828 πένηθ,
903 2731 920 2806 ὁ
943 2731 1101 2815 πλούσιος

407 2847 537 2922 ottoc'·
560 2847 582 2921 il
603 2847 676 2921 δὀἱ
696 2853 913 2928 πλουτοῦντες
935 2847 974 2919 ov’
994 2847 1183 2941 κεκτήμεθα,

406 2970 510 3034 τοῒοιν
531 2965 646 3057 πένησι
668 2957 830 3056 χρώμενοι
850 2955 1065 3049 τιμώμεθα.

243 3078 307 3145 Pro
328 3071 513 3164 τιμώμεθα,
536 3083 568 3146 in
590 3105 652 3169 quo
672 3085 739 3148 iure
761 3082 927 3148 haeserunt
950 3080 1010 3145 viri
1035 3080 1136 3159 docti,
1160 3078 1227 3145 eod.
1244 3077 1341 3143 Parin

199 3204 235 3264 A
256 3194 349 3261 habet
370 3188 584 3278 πειθώμεθα,
608 3203 637 3264 Β
659 3187 853 3282 πειθόμεθα.
877 3197 1061 3263 Dindorfi'us
1073 3197 1190 3282 recepit
1201 3193 1342 3282 Bergleri

201 3314 409 3378 coniecturam
434 3301 626 3398 θηρώμεθα,
650 3335 726 3397 quae
746 3314 900 3401 scriptura
916 3313 1041 3401 vulgata
1065 3335 1227 3398 sanequam
1251 3311 1344 3396 louge

201 3427 418 3515 praestantior.
452 3426 600 3490 Attamen
634 3428 776 3492 codicum
811 3428 961 3495 lectiones
997 3431 1095 3517 magis
1130 3427 1343 3495 commendare

201 3543 278 3609 mihi
303 3542 447 3607 videntur
470 3539 551 3606 hanc
574 3545 813 3608 correctionem:

408 3647 430 3720 oi
451 3647 482 3720 θ’
503 3653 535 3722 ol
554 3655 769 3733 πλουτοῦντες
790 3648 1029 3748 οθκεκτήμεθα
1041 3711 1056 3741 ,-

407 3770 510 3833 τοῖσιν
529 3767 643 3857 πένησι
666 3761 818 3858 χρώνενοι
840 3763 1100 3855 μισθούμεθα.

181 3884 221 3948 i.
246 3905 270 3948 e.
292 3905 371 3968 quae
392 3906 462 3947 aero
484 3884 599 3947 diuites
625 3908 686 3949 ιιοιι
718 3887 878 3963 tutemus,
915 3910 952 3951 ea
969 3908 1144 3973 pauperum
1171 3906 1262 3970 opero
1284 3907 1344 3970 pro

200 4000 336 4065 mercede
361 4000 448 4063 nobie
470 4022 687 4085 comparamus.

245 4115 287 4182 Ib
320 4137 363 4179 ro.
395 4120 414 4179 5
440 4137 495 4201 pro
517 4107 580 4202 γάρ
603 4113 672 4180 ἐστι
695 4118 814 4185 correxi
835 4110 896 4206 yolo
919 4111 978 4198 ἔςι.
1013 4119 1158 4184 (laterum
1178 4120 1269 4183 vatus
1289 4137 1344 4180 au·

198 4231 361 4320 perstitio,
382 4229 492 4296 Dativi
516 4232 581 4297 iota
603 4232 677 4298 elidi
702 4256 764 4300 non
797 4256 902 4322 posse,
935 4236 1012 4301 satia
1035 4233 1094 4301 hoc
1117 4239 1149 4299 et
1173 4232 1244 4298 aliis
1266 4230 1345 4296 looia

199 4346 362 4414 refellitur.

696 4481 847 4513 Μ
