3024 5264
734 467 777 531 1¹s

182 647 279 711 veris:
300 632 729 725 πολολουσ’-ιιοιιαβιλλλιι,
752 663 815 706 non
838 662 910 707 voro
933 629 1094 722 ἐκβάλλει,
1119 641 1200 728 quod
1219 647 1322 712 λιυνοη

183 761 286 827 solum
309 765 410 826 metro
433 758 589 824 convenit.

229 1086 293 1151 Eas
328 1083 538 1160 coniecturas,
571 1081 685 1166 quibus
720 1081 927 1168 complurium
951 1080 1173 1147 vocabulorum
1196 1080 1324 1146 lacunas

185 1201 310 1288 explere
333 1220 492 1275 conemur,
514 1196 692 1284 plerumque
710 1197 792 1263 nibil
816 1221 882 1263 esse
905 1203 1022 1283 praeter
1045 1197 1146 1263 lusum
1164 1197 1323 1283 quemdum

185 1317 308 1404 ingenii
331 1314 424 1381 facile
448 1313 601 1379 oredimus
623 1315 665 1378 iis
680 1315 734 1400 qui
751 1316 912 1380 affirment.
932 1313 1034 1379 Nobis
1050 1319 1155 1379 tamen
1172 1312 1324 1378 eiusmodi

185 1420 506 1518 παρακινδυνεὺμασι
534 1452 633 1516 neque
664 1431 759 1494 nimis
791 1428 1017 1516 indulgendum
1058 1429 1195 1508 videtur,
1227 1450 1326 1514 neque

186 1564 296 1609 rursm
330 1542 422 1630 plane
449 1543 667 1610 abstinendum
699 1543 737 1609 ab
767 1545 841 1610 illis.
879 1546 930 1611 Ad
965 1544 1026 1610 hoo
1054 1568 1158 1633 ,genus
1192 1545 1326 1632 pertinet

186 1664 365 1737 tentamen,
387 1681 450 1746 quo
472 1661 616 1747 prodesse
640 1666 770 1726 conatus
795 1684 861 1726 sum
885 1661 954 1726 loco
978 1661 1151 1749 Sophocleo
1172 1657 1326 1749 apSchol.

185 1776 280 1841 Piud.
304 1773 399 1862 Pyra.
420 1776 488 1856 lv,
507 1782 583 1844 898.
603 1777 722 1842 Scribit
741 1783 842 1842 autem
866 1778 930 1842 sic:
952 1771 1031 1852 τούς
1051 1775 1235 1865 πυρίπνους
1251 1763 1330 1838 aad·

185 1910 268 1979 ρους
289 1881 480 1974 Ἀντίμαχος
503 1883 652 1979 &radda
671 1882 986 1978 Ἡφαισιοινύντους
1007 1886 1102 1975 λέγει
1125 1885 1192 1954 Καὶ
1215 1893 1328 1976 Σοφο-

185 2000 264 2090 ιλῆς·
283 1999 323 2068 dd
349 2002 488 2086 χαλινοῖς
515 1997 597 2086 dode
628 1995 834 2093 υἷδερμάτους
863 2002 983 2092 φησίν·

365 2114 603 2190 Χολιιοσκολεΐς
633 2108 695 2203 peip
720 2117 812 2197 [doris
833 2105 1037 2202 cideppc'erove
1050 2117 1067 2153 ⁴*
1081 2115 1109 2195 ¹³]

366 2228 450 2312 [wip
471 2224 581 2316 οἵπερ]
604 2224 790 2295 ἐκπνλουσιν
808 2219 997 2312 πνευμόνων
1016 2217 1099 2291 ἄπο·

365 2332 799 2428 φλέγειδὲμυκιήρώς,
844 2387 853 2406 .
897 2387 906 2404 .
950 2379 962 2408 ,-
1005 2387 1013 2404 .
1058 2385 1067 2407 .
1112 2386 1120 2403 .

232 2451 383 2540 §appleri
404 2475 443 2523 ex
463 2453 609 2541 ingenio,
639 2477 717 2541 quas
748 2459 834 2540 septe
869 2452 994 2518 uncinis
1018 2451 1112 2517 vides.
1148 2449 1221 2517 ulia
1244 2473 1329 2517 com·

188 2569 369 2639 miniscitar
381 2569 553 2656 Bergkiue
571 2570 661 2637 ouius
674 2570 881 2657 suspicionem
895 2569 987 2633 refert
999 2567 1166 2635 Nauokius
1178 2567 1225 2654 (fr.
1238 2567 1329 2654 311)

699 2764 824 2778 ἡ

234 2890 416 2959 Macrobius
438 2890 594 2957 saturnal.
620 2890 666 2970 V,
686 2894 725 2958 19
752 2893 813 2959 duo
837 2892 929 2958 nobis
952 2892 1088 2958 servavit
1110 2893 1285 2981 fragmenta
1312 2915 1328 2958 e

188 3007 348 3096 tragoedia
382 3006 564 3094 Sophoclis,
598 3029 676 3093 quae
698 2996 885 3089 Ῥιζοτὸμοι
906 3008 1057 3095 inscripta
1080 3013 1162 3089 erat,
1196 3011 1328 3094 quorum

188 3123 321 3190 alterum
349 3123 453 3188 editur
474 3124 508 3188 in
532 3122 617 3188 hunc
641 3122 785 3187 modum:

645 3235 693 3303 Ar
715 3233 753 3301 rr
773 3212 934 3301 tormer

447 3346 554 3415 ιιλσιαι
576 3348 675 3438 ῥιζῶν
694 3343 876 3437 κρύπτουσι
896 3337 1018 3430 τομάς,

447 3452 488 3536 ἃς
508 3452 567 3548 ἥδε
587 3451 690 3544 βοῶν’
712 3449 934 3547 οἷλαλαζομένη

344 3554 346 3558 ⁸
448 3565 567 3660 γυμνή
588 3569 736 3657 χαλκέοις
757 3561 824 3660 ripa
844 3560 1029 3658 δρεπάνοις.

232 3689 363 3757 Frustra
385 3708 515 3772 quaero.
546 3708 601 3759 our
632 3685 777 3755 Medeam
813 3688 926 3750 nudam
949 3684 1009 3749 hoc
1031 3687 1156 3771 negotio
1190 3687 1329 3752 functam

189 3827 255 3871 esse
282 3806 373 3890 poeta
397 3800 518 3868 dixerit.
545 3788 620 3867 Nisi
645 3804 723 3867 forte
745 3805 890 3888 putamus
911 3802 950 3865 id'
979 3801 1099 3887 magica
1134 3802 1197 3866 arte
1229 3782 1341 3889 praes-⁸

191 3922 324 4007 criptum
337 3919 447 3996 fuisse,
469 3917 605 3983 librariis
621 3921 727 4006 potius
750 3940 840 4004 quam
865 3917 912 3982 illi
930 3919 1014 3983 istud
1038 3910 1139 4002 γυμνῇ
1159 3918 1331 3999 tribuerim,

193 4042 301 4124 utpote
328 4039 506 4120 corruptum
541 4057 577 4102 ex
608 4022 776 4137 πρυμνυῖς,
811 4034 893 4119 quod
918 4032 1067 4099 referatur
1090 4033 1126 4097 ad
1152 4027 1331 4120 ῥιζῶν-ἂς
1425 4099 1430 4109 ,

194 4148 255 4217 sci.
278 4151 482 4238 comparatur
501 4168 528 4216 ν.
552 4168 579 4216 c.
603 4148 696 4214 Iliad.
719 4145 752 4227 λ,
778 4151 851 4214 149.

236 4450 278 4521 ut
301 4451 449 4537 antiquos
459 4454 491 4516 et
512 4451 699 4517 recentiores
715 4450 899 4538 interpretes
915 4449 1044 4515 latuisse
1067 4448 1190 4515 videtur
1212 4467 1331 4524 seusus,
