3024 5264
643 520 877 566 PRAEFATIO.

394 664 629 765 ἐκαραδόκησεν
651 673 698 751 εἷς
719 667 769 762 ἔμ’
790 671 809 765 ἡ
828 670 931 764 βουλή
951 667 1062 758 πάλιν,

395 780 413 855 δ
435 788 472 854 δὲ
491 780 595 856 τοῦτ’
615 783 781 866 ἀκούσας
801 787 971 875 ἐκπλαγείς
992 779 1175 881 ἐφληνάφα.

234 1018 307 1082 Non
332 1010 491 1110 ἐξεπλάγη
511 1019 586 1084 Cleo
599 1019 719 1097 auditis,
744 1041 820 1106 quae
844 1017 997 1082 isiciarius
1021 1019 1153 1099 dixerat,
1178 1023 1230 1087 sed
1250 1024 1323 1108 quie

189 1133 459 1210 animadverterat,
482 1135 565 1200 hunc
577 1139 656 1200 decri
670 1138 804 1201 animum
816 1136 848 1198 in
863 1157 894 1198 se
911 1136 1119 1202 convertisse:
1138 1145 1324 1225 quapropter

188 1251 326 1335 requiro:
349 1244 367 1315 δ
391 1248 427 1315 δὲ
449 1252 562 1314 τοῦτο
587 1242 725 1339 νοήσας
753 1249 834 1330 κτλ,
860 1249 897 1314 el.
921 1274 963 1315 vs.
988 1257 1068 1317 652:
1094 1246 1111 1317 δ
1134 1246 1163 1318 δ’
1183 1244 1325 1340 ὑπονοή-

189 1385 250 1437 σας
270 1363 333 1432 κσδ.
363 1365 419 1430 Vs.
452 1368 515 1428 722
549 1366 657 1449 utique
686 1366 911 1451 reponendum:
936 1360 992 1432 οὐκ
1020 1356 1126 1452 ὦγάθ’
1158 1363 1189 1430 ἐν
1218 1356 1323 1452 βοδλη

188 1469 222 1560 μ’
242 1470 301 1543 ἔθ’
323 1477 362 1556 ἕξ
370 1501 427 1552 εις
448 1477 663 1562 καθυβρίσαι,
688 1481 739 1545 ubi
763 1485 864 1546 doceri
890 1481 989 1558 velim,
1013 1505 1099 1568 quem
1124 1503 1244 1544 sensum
1269 1478 1324 1542 ha-

188 1593 257 1657 bere
279 1595 377 1679 possit
408 1594 532 1680 vulgata
556 1592 649 1657 leeiio
678 1621 727 1680 με
753 1589 893 1677 δόξεις.
929 1598 1049 1662 Deinde
1076 1602 1176 1662 auium
1207 1596 1323 1661 'scribas

188 1709 318 1774 ibidem:
342 1713 441 1794 ίωμεν
468 1703 514 1786 dg
536 1708 604 1797 (pro
628 1710 672 1797 ἐς)
693 1704 749 1777 cdv
769 1714 888 1801 Δῆμον.
913 1715 986 1791 Νοο
1012 1715 1113 1779 minus
1138 1718 1255 1778 cerium
1277 1734 1324 1776 ar-

188 1823 287 1890 bitror
310 1848 353 1890 vs.
379 1828 441 1890 729
468 1848 510 1909 sq.
535 1824 756 1890 emendandum
782 1850 867 1893 esse:

620 2027 660 2038 -
681 1985 738 2058 οίκ
759 1985 849 2060 ἄπιτ’
869 1990 934 2062 άπδ
954 1999 1011 2084 τῆς
1032 1991 1155 2082 θύρας,

392 2094 461 2192 τήν
479 2101 506 2169 τ’
528 2095 714 2194 εἰρεσιώνην
729 2100 778 2196 μη
799 2099 1142 2197 κατασπαράξετε;

187 2321 242 2384 pro
258 2297 392 2384 vulgatis
411 2286 479 2385 την
500 2333 540 2341 -
560 2322 632 2379 μοο
656 2293 993 2391 κατεσπαράξατε.
1016 2302 1189 2389 Perpendas
1204 2324 1326 2388 quoque

187 2423 288 2478 tecum
300 2413 409 2489 velim,
434 2412 473 2475 mi
495 2410 601 2491 lector,
621 2418 722 2479 utrum
741 2437 932 2503 concoquere
947 2419 1047 2503 possis
1060 2443 1103 2484 vs.
1125 2419 1188 2484 746
1200 2442 1257 2504 sq.:

340 2578 394 2643 καί
413 2571 475 2665 μην
496 2569 636 2667 ποιήσας
657 2573 772 2648 αὐτίκα
792 2574 869 2666 μάλ’
889 2581 1054 2671 ἐκκλησίαν

341 2682 368 2757 ὦ
390 2684 482 2781 Δῆμ’
503 2690 547 2757 ἵν’
568 2690 679 2781 εἰδῇς
699 2684 863 2782 ὁπότερος
884 2697 945 2779 νῷν
967 2694 1017 2775 ε’ςί
1037 2717 1090 2763 σοι

340 2799 544 2897 εδνοδςερος,
566 2798 743 2896 διάκρινον,
767 2805 831 2873 ἵνα
851 2807 965 2873 τοῦτον
988 2809 1105 2897 φιλῇς,

186 3023 224 3064 an
249 3022 365 3064 mecum
389 3022 535 3087 reponere
553 3000 661 3065 malis:
686 2987 713 3064 ὦ
744 2997 949 3088 Δημίδιον,
977 2990 1051 3064 εἷθ’
1079 2990 1243 3088 ὁπότερος
1261 3002 1325 3072 ure.

185 3119 340 3201 Frequens
356 3122 456 3182 autem
476 3123 507 3182 et
519 3125 613 3182 notus
636 3123 681 3182 est
707 3140 781 3182 usus
799 3113 925 3180 voculae
938 3101 1008 3177 εἶτα
1030 3119 1102 3199 post
1125 3118 1325 3204 participium

184 3232 298 3297 illatae.
325 3235 393 3297 Nec
413 3234 541 3299 fortasse
564 3234 752 3321 improbabis
777 3231 986 3296 coniecturam
1011 3235 1148 3295 nostram
1179 3256 1222 3296 vs.
1260 3239 1323 3301 751

187 3349 442 3436 distinguendum
466 3373 531 3415 esse
557 3356 587 3415 et
615 3348 833 3437 corrigendum
853 3349 885 3410 in
905 3345 989 3410 hunc
1017 3346 1161 3413 modum:
1191 3342 1262 3415 ἄλλ’
1293 3349 1327 3427 ἐς

183 3460 222 3530 νδ
243 3454 378 3551 πρόσθε
406 3458 477 3553 χρη
497 3455 653 3553 παριὲν’
675 3462 708 3539 ἐς
730 3455 788 3548 νην
809 3453 933 3538 πδκνα,
956 3461 1011 3546 qui
1036 3485 1141 3529 versus
1164 3463 1259 3553 vulgo
1278 3468 1325 3531 sie

185 3579 348 3659 scribitur:
374 3567 443 3641 ἀλλ’
463 3575 496 3652 ἐς
526 3569 565 3643 αδ
597 3567 743 3664 πρόσθε.
778 3575 871 3662 χρῆν
899 3567 1053 3664 παρεῖν’
1080 3575 1113 3652 ἐς
1133 3570 1190 3666 νην
1212 3569 1325 3646 πύκνα.

185 3696 232 3761 cf.
256 3694 390 3760 Acheru.
410 3717 453 3758 ve.
476 3695 530 3757 43.
554 3693 669 3756 Omnes
689 3712 811 3776 quoque
829 3690 1051 3777 interpretandi
1075 3699 1205 3757 conatus
1226 3692 1325 3759 eludit

185 3836 228 3878 vs
247 3815 327 3889 814,
351 3810 454 3875 ubido
478 3806 687 3873 Themistocle
710 3828 807 3872 sermo
831 3814 895 3871 est:
919 3797 956 3878 δς
976 3800 1132 3894 ἐποίησεν
1153 3800 1210 3895 την
1230 3798 1326 3874 πόλιν

184 3919 275 4016 ἡμῶν
294 3924 415 4013 μεςην
436 3916 538 4012 εδριδν
561 3921 713 4013 ἐπιχειλῆ.
738 3925 782 3987 At
807 3922 972 4008 diffugient
995 3943 1099 3985 omnes
1127 3922 1325 3989 difficultates

185 4044 301 4128 scripio
324 4034 515 4126 μεγάλην,
539 4037 619 4121 quod
643 4062 733 4124 quam
752 4045 834 4104 recte
852 4041 1017 4125 reponatur
1040 4042 1165 4123 apparet
1188 4061 1224 4102 ex
1247 4039 1325 4125 ipsis

186 4159 336 4246 oppositis
356 4178 399 4219 vs
423 4155 505 4218 817:
529 4144 571 4217 σδ
592 4148 620 4217 δ’
640 4144 834 4241 Ἀθηναίους
855 4144 1014 4241 ἐζήτησας
1033 4151 1326 4238 μικροπολίτας

185 4269 370 4360 α’ποφῆναι..
386 4270 494 4335 Minus
517 4273 599 4334 recte
617 4274 739 4353 recepta
761 4274 806 4333 esi
828 4267 961 4332 Bentleii
988 4265 1136 4330 correctio
1161 4287 1204 4330 vs.
1226 4268 1324 4346 1230,

186 4386 239 4452 ubi
260 4387 349 4452 codd.
367 4372 652 4474 habentmndiov
671 4374 730 4474 ὕφ’
751 4373 791 4450 οὗ
811 4373 955 4472 δεήσει’
974 4371 1009 4464 μ’
1031 4380 1084 4471 (al.
1108 4370 1246 4471 δεήσειν)
1269 4371 1326 4470 ἡτ-
