3024 5264
190 520 241 567 xtt
636 518 880 567 susannam.

186 681 259 768 gula
297 687 365 766 pust
404 672 541 768 ἤλπισα,
564 702 618 766 pro
647 683 762 747 τοῦῑον
791 680 999 746 substituatur
1029 675 1155 771 ταύτην.
1178 682 1246 748 Nee
1275 707 1319 750 vs·

188 799 283 876 1105,
307 799 427 887 opinor,
439 798 569 865 violabis
581 796 769 885 reponendo:
792 801 910 890 πρώτα
929 798 987 886 μὲν
1006 787 1078 888 γάρ,
1100 791 1148 866 ὦν
1168 799 1238 888 (pro
1259 795 1318 890 οὗ)

184 905 307 998 palaea
327 916 394 990 πᾶς
415 907 526 1003 κριτής
545 911 692 1003 ἐφίεται,
712 912 847 999 γλαῦκες
867 905 952 997 ὑμᾶς
971 905 1088 980 οὔποτ’
1107 912 1319 1005 ἐπιλείψουσι

184 1029 426 1116 Λαυριωτικαί,
449 1055 547 1117 neque
567 1053 610 1094 va.
632 1031 736 1106 1212,
751 1030 900 1117 rescripta
930 1029 1062 1096 formula
1095 1021 1167 1098 οὐκ
1187 1029 1318 1118 Spain,-

187 1143 220 1228 (i.
232 1169 258 1211 e.
278 1148 339 1232 die)
352 1170 406 1233 pro
428 1139 471 1214 ozi
490 1145 595 1232 λέγει
602 1169 636 1231 ς;
655 1144 737 1231 quod
751 1146 901 1211 Graecum
917 1169 979 1211 non
992 1153 1037 1213 est
1049 1168 1085 1211 eo
1096 1168 1204 1222 seusu,
1227 1169 1318 1233 quem

185 1262 277 1327 habet
308 1261 347 1331 mi
368 1253 456 1353 φήςς
479 1262 534 1326 Vs.
558 1252 971 1350 13471eg01p02ueaa‘qt
996 1264 1076 1347 (scil.
1100 1260 1202 1350 νόμῳ)
1222 1258 1320 1329 καλὸν
1347 1288 1358 1315 ¹

185 1377 333 1460 νομίζετε
354 1378 414 1462 (vel
438 1374 616 1467 νομίζεται)
637 1373 700 1441 aaa.
723 1399 777 1462 pro
799 1369 919 1456 μάλιςα
939 1369 968 1441 δ’
986 1371 1049 1443 ὅτι
1067 1377 1131 1444 nat.
1151 1377 1208 1442 Vs.
1230 1377 1318 1442 1382

186 1516 240 1580 pro
265 1485 455 1582 μετάρσιος
480 1494 684 1582 praeplaceret
718 1492 793 1558 mihi
822 1492 852 1556 h.
876 1492 913 1576 1.,
935 1494 1051 1578 quippe
1070 1516 1147 1578 quae
1167 1494 1318 1581 grandius

186 1611 401 1687 sonet‚f0rma
412 1610 529 1675 Dorica
550 1603 757 1699 πεδάρσιος,
783 1608 821 1674 cl.
845 1632 887 1672 vs.
913 1611 1007 1674 1197.
1032 1609 1178 1695 Reliquas
1192 1633 1274 1675 meas
1285 1611 1318 1674 in

184 1727 320 1812 quinque
339 1726 465 1791 ultimas
477 1726 596 1791 fabulas
609 1724 853 1812 Aristophaneas
870 1725 1119 1805 observationes,
1140 1728 1254 1813 quippe
1266 1727 1319 1791 ad·

184 1840 246 1908 hue
259 1844 387 1908 nimium
397 1850 550 1921 recentem
566 1843 657 1908 aliam
669 1847 779 1906 nactus
792 1843 986 1906 occasionem
1000 1866 1070 1907 cum
1089 1843 1221 1908 eruditis
1235 1866 1319 1907 com-

185 1959 342 2024 municare
353 1958 440 2024 mala.
451 1960 609 2025 Liberiore
620 1960 702 2024 euim
715 1959 817 2023 animo
826 1981 861 2022 ac
871 1959 1036 2023 severiorei
1041 1959 1145 2022 udicio
1157 1960 1321 2044 minusque

183 2074 337 2141 nobismet
356 2077 416 2162 ipsi
448 2076 605 2163 placentes
640 2099 691 2152 ea,
725 2096 802 2158 quae
832 2073 1024 2159 aliquamdiu
1048 2075 1174 2140 scriniis
1197 2077 1320 2140 inclusa

183 2191 365 2270 iacuerunt,
399 2215 489 2277 quam
521 2214 598 2277 quae
619 2192 793 2277 nuperrime
821 2190 1082 2276 excogitavimus,
1114 2192 1318 2278 contemplari

186 2311 277 2392 atque
297 2306 469 2372 diiudicare
487 2308 550 2372 fere
570 2305 712 2372 solemus.

286 2509 423 2560 Scribebam
440 2510 576 2574 Groningue

219 2595 350 2646 Novembri
367 2612 448 2647 mense
465 2613 486 2647 a.
503 2609 636 2646 nucecnxa
