<?xml version="1.0" encoding="UTF-8"?>
<!DOCTYPE html PUBLIC "-//W3C//DTD XHTML 1.0 Transitional//EN"
    "http://www.w3.org/TR/xhtml1/DTD/xhtml1-transitional.dtd">
<html xmlns="http://www.w3.org/1999/xhtml" xml:lang="en" lang="en">
 <head>
  <title>
</title>
<meta http-equiv="Content-Type" content="text/html;charset=utf-8" />
  <meta name='ocr-system' content='tesseract 3.04.00' />
  <meta name='ocr-capabilities' content='ocr_page ocr_carea ocr_par ocr_line ocrx_word'/>
</head>
<body>
  <div class='ocr_page' id='page_1' title='image "./exercitationesc00herwgoog_0088.png"; bbox 0 0 3024 5264; ppageno 0'>
   <div class='ocr_carea' id='block_1_1' title="bbox 729 453 770 514">
    <p class='ocr_par' dir='ltr' id='par_1_1' title="bbox 729 453 770 514">
     <span class='ocr_line' id='line_1_1' title="bbox 729 453 770 514; baseline 0 0"><span class='ocrx_word' id='word_1_1' title='bbox 729 453 770 514; x_wconf 77' lang='lat'>70</span> 
     </span>
    </p>
   </div>
   <div class='ocr_carea' id='block_1_2' title="bbox 184 611 1319 1604">
    <p class='ocr_par' dir='ltr' id='par_1_2' title="bbox 184 611 1319 1284">
     <span class='ocr_line' id='line_1_2' title="bbox 229 611 1315 710; baseline -0.004 -18"><span class='ocrx_word' id='word_1_2' title='bbox 229 627 281 692; x_wconf 84' lang='lat' dir='ltr'>Ita</span> <span class='ocrx_word' id='word_1_3' title='bbox 305 648 347 691; x_wconf 90' lang='lat' dir='ltr'>vs.</span> <span class='ocrx_word' id='word_1_4' title='bbox 372 632 392 692; x_wconf 70' lang='lat'>2</span> <span class='ocrx_word' id='word_1_5' title='bbox 415 626 549 691; x_wconf 83' lang='lat' dir='ltr'>correxit</span> <span class='ocrx_word' id='word_1_6' title='bbox 572 624 746 691; x_wconf 78' lang='lat' dir='ltr'>Elmelsiue.</span> <span class='ocrx_word' id='word_1_7' title='bbox 787 624 891 689; x_wconf 83' lang='lat' dir='ltr'>Codex</span> <span class='ocrx_word' id='word_1_8' title='bbox 924 623 1005 689; x_wconf 82' lang='lat' dir='ltr'>Flor.</span> <span class='ocrx_word' id='word_1_9' title='bbox 1035 623 1172 690; x_wconf 78' lang='lat' dir='ltr'>exhibet:</span> <span class='ocrx_word' id='word_1_10' title='bbox 1196 611 1315 710; x_wconf 84' lang='grc' dir='ltr'><em>Βρὸχῳ</em></span> 
     </span>
     <span class='ocr_line' id='line_1_3' title="bbox 185 724 1318 828; baseline -0.003 -26"><span class='ocrx_word' id='word_1_11' title='bbox 185 733 241 804; x_wconf 78' lang='grc' dir='ltr'>τόν</span> <span class='ocrx_word' id='word_1_12' title='bbox 270 728 406 825; x_wconf 76' lang='grc' dir='ltr'><em>ἀγχόνης</em></span> <span class='ocrx_word' id='word_1_13' title='bbox 437 729 623 813; x_wconf 78' lang='grc' dir='ltr'><strong><em>ἐπισπάσας</em></strong></span> <span class='ocrx_word' id='word_1_14' title='bbox 653 736 764 827; x_wconf 80' lang='grc' dir='ltr'><strong><em>δέρην,·</em></strong></span> <span class='ocrx_word' id='word_1_15' title='bbox 795 739 869 803; x_wconf 90' lang='lat' dir='ltr'>edit.</span> <span class='ocrx_word' id='word_1_16' title='bbox 901 737 997 803; x_wconf 88' lang='lat' dir='ltr'>Ven.:</span> <span class='ocrx_word' id='word_1_17' title='bbox 1029 731 1150 828; x_wconf 80' lang='grc' dir='ltr'><strong><em>βροσδν</em></strong></span> <span class='ocrx_word' id='word_1_18' title='bbox 1179 724 1318 822; x_wconf 77' lang='grc' dir='ltr'><strong><em>ἀγχόνης</em></strong></span> 
     </span>
     <span class='ocr_line' id='line_1_4' title="bbox 184 841 1317 940; baseline -0.002 -25"><span class='ocrx_word' id='word_1_19' title='bbox 184 841 371 926; x_wconf 76' lang='grc' dir='ltr'><strong><em>ἐπισπάσας</em></strong></span> <span class='ocrx_word' id='word_1_20' title='bbox 388 847 456 940; x_wconf 78' lang='grc' dir='ltr'><strong><em>ἔρη.</em></strong></span> <span class='ocrx_word' id='word_1_21' title='bbox 473 851 555 916; x_wconf 91' lang='lat' dir='ltr'>Mihi</span> <span class='ocrx_word' id='word_1_22' title='bbox 575 874 696 928; x_wconf 86' lang='lat' dir='ltr'>versus,</span> <span class='ocrx_word' id='word_1_23' title='bbox 709 875 797 938; x_wconf 89' lang='lat' dir='ltr'>quem</span> <span class='ocrx_word' id='word_1_24' title='bbox 811 853 950 918; x_wconf 78' lang='lat' dir='ltr'>restituit</span> <span class='ocrx_word' id='word_1_25' title='bbox 963 853 1160 918; x_wconf 83' lang='lat' dir='ltr'>doctissimus</span> <span class='ocrx_word' id='word_1_26' title='bbox 1176 848 1317 938; x_wconf 87' lang='lat' dir='ltr'>Anglus,</span> 
     </span>
     <span class='ocr_line' id='line_1_5' title="bbox 186 957 1319 1055; baseline -0.001 -27"><span class='ocrx_word' id='word_1_27' title='bbox 186 966 259 1050; x_wconf 85' lang='lat' dir='ltr'>quie</span> <span class='ocrx_word' id='word_1_28' title='bbox 281 966 433 1033; x_wconf 84' lang='lat' dir='ltr'>inciditur</span> <span class='ocrx_word' id='word_1_29' title='bbox 458 974 529 1054; x_wconf 87' lang='lat' dir='ltr'>post</span> <span class='ocrx_word' id='word_1_30' title='bbox 557 968 740 1034; x_wconf 79' lang='lat' dir='ltr'>vocabulum</span> <span class='ocrx_word' id='word_1_31' title='bbox 763 968 1005 1055; x_wconf 80' lang='lat' dir='ltr'>polysyllebum,</span> <span class='ocrx_word' id='word_1_32' title='bbox 1030 957 1229 1054; x_wconf 78' lang='grc' dir='ltr'><strong><em>κακόμετρος</em></strong></span> <span class='ocrx_word' id='word_1_33' title='bbox 1251 986 1319 1030; x_wconf 88' lang='lat' dir='ltr'>esse</span> 
     </span>
     <span class='ocr_line' id='line_1_6' title="bbox 186 1081 1319 1169; baseline 0.001 -25"><span class='ocrx_word' id='word_1_34' title='bbox 186 1081 317 1146; x_wconf 84' lang='lat' dir='ltr'>videtur.</span> <span class='ocrx_word' id='word_1_35' title='bbox 350 1081 397 1147; x_wconf 82' lang='lat' dir='ltr'>Eo</span> <span class='ocrx_word' id='word_1_36' title='bbox 423 1088 524 1148; x_wconf 85' lang='lat' dir='ltr'>tamen</span> <span class='ocrx_word' id='word_1_37' title='bbox 556 1085 718 1148; x_wconf 84' lang='lat' dir='ltr'>manifesto</span> <span class='ocrx_word' id='word_1_38' title='bbox 749 1085 837 1149; x_wconf 84' lang='lat' dir='ltr'>ducit</span> <span class='ocrx_word' id='word_1_39' title='bbox 866 1083 1015 1149; x_wconf 87' lang='lat' dir='ltr'>librorum</span> <span class='ocrx_word' id='word_1_40' title='bbox 1046 1084 1212 1169; x_wconf 78' lang='lat' dir='ltr'>scriptura,</span> <span class='ocrx_word' id='word_1_41' title='bbox 1238 1101 1319 1166; x_wconf 81' lang='lat' dir='ltr'>qnae</span> 
     </span>
     <span class='ocr_line' id='line_1_7' title="bbox 186 1196 707 1284; baseline 0.01 -25"><span class='ocrx_word' id='word_1_42' title='bbox 186 1217 293 1281; x_wconf 85' lang='lat' dir='ltr'>perum</span> <span class='ocrx_word' id='word_1_43' title='bbox 313 1196 395 1262; x_wconf 81' lang='lat' dir='ltr'>iavet</span> <span class='ocrx_word' id='word_1_44' title='bbox 416 1199 587 1284; x_wconf 80' lang='lat' dir='ltr'>suspicioni</span> <span class='ocrx_word' id='word_1_45' title='bbox 611 1221 707 1264; x_wconf 85' lang='lat' dir='ltr'>meae:</span> 
     </span>
    </p>

    <p class='ocr_par' dir='ltr' id='par_1_3' title="bbox 382 1301 1067 1400">
     <span class='ocr_line' id='line_1_8' title="bbox 382 1301 1067 1400; baseline -0.001 -24"><span class='ocrx_word' id='word_1_46' title='bbox 382 1301 503 1397; x_wconf 82' lang='grc' dir='ltr'><strong><em>βρόχον</em></strong></span> <span class='ocrx_word' id='word_1_47' title='bbox 520 1304 577 1377; x_wconf 79' lang='grc' dir='ltr'>σου</span> <span class='ocrx_word' id='word_1_48' title='bbox 593 1303 794 1396; x_wconf 72' lang='grc' dir='ltr'><strong><em>ἀγχόνειον</em></strong></span> <span class='ocrx_word' id='word_1_49' title='bbox 810 1303 961 1400; x_wconf 77' lang='grc' dir='ltr'><strong><em>ἐξάψας</em></strong></span> <span class='ocrx_word' id='word_1_50' title='bbox 978 1311 1067 1398; x_wconf 82' lang='grc' dir='ltr'><strong><em>δέρῃ.</em></strong></span> 
     </span>
    </p>

    <p class='ocr_par' dir='ltr' id='par_1_4' title="bbox 231 1422 1317 1511">
     <span class='ocr_line' id='line_1_9' title="bbox 231 1422 1317 1511; baseline 0.001 -26"><span class='ocrx_word' id='word_1_51' title='bbox 231 1422 342 1487; x_wconf 82' lang='lat' dir='ltr'>Restat</span> <span class='ocrx_word' id='word_1_52' title='bbox 371 1425 487 1510; x_wconf 85' lang='lat' dir='ltr'>igitur,</span> <span class='ocrx_word' id='word_1_53' title='bbox 518 1431 552 1489; x_wconf 92' lang='lat' dir='ltr'>ut</span> <span class='ocrx_word' id='word_1_54' title='bbox 582 1425 801 1511; x_wconf 87' lang='lat' dir='ltr'>Neophronem</span> <span class='ocrx_word' id='word_1_55' title='bbox 831 1429 864 1492; x_wconf 95' lang='lat' dir='ltr'>in</span> <span class='ocrx_word' id='word_1_56' title='bbox 894 1427 1031 1491; x_wconf 88' lang='lat' dir='ltr'>numeris</span> <span class='ocrx_word' id='word_1_57' title='bbox 1058 1423 1317 1510; x_wconf 75' lang='lat' dir='ltr'>negligentiorem</span> 
     </span>
    </p>

    <p class='ocr_par' dir='ltr' id='par_1_5' title="bbox 190 1535 499 1604">
     <span class='ocr_line' id='line_1_10' title="bbox 190 1535 499 1604; baseline 0.019 -6"><span class='ocrx_word' id='word_1_58' title='bbox 190 1536 284 1602; x_wconf 89' lang='lat' dir='ltr'>fuisse</span> <span class='ocrx_word' id='word_1_59' title='bbox 306 1535 499 1604; x_wconf 82' lang='lat' dir='ltr'>arbitremur.</span> 
     </span>
    </p>
   </div>
   <div class='ocr_carea' id='block_1_3' title="bbox 187 1875 1321 3781">
    <p class='ocr_par' dir='ltr' id='par_1_6' title="bbox 187 1875 1321 3781">
     <span class='ocr_line' id='line_1_11' title="bbox 231 1875 1320 1972; baseline 0.001 -25"><span class='ocrx_word' id='word_1_60' title='bbox 231 1883 343 1948; x_wconf 88' lang='lat' dir='ltr'>Athen.</span> <span class='ocrx_word' id='word_1_61' title='bbox 363 1885 414 1950; x_wconf 92' lang='lat' dir='ltr'>XI</span> <span class='ocrx_word' id='word_1_62' title='bbox 437 1909 466 1972; x_wconf 91' lang='lat' dir='ltr'>p.</span> <span class='ocrx_word' id='word_1_63' title='bbox 489 1890 554 1949; x_wconf 79' lang='lat'>468</span> <span class='ocrx_word' id='word_1_64' title='bbox 575 1908 600 1950; x_wconf 85' lang='lat' dir='ltr'>e.</span> <span class='ocrx_word' id='word_1_65' title='bbox 621 1879 831 1952; x_wconf 80' lang='grc' dir='ltr'><strong><em>Δακτυλωτόν</em></strong></span> <span class='ocrx_word' id='word_1_66' title='bbox 851 1880 992 1969; x_wconf 77' lang='grc' dir='ltr'><strong><em>ἔμπωμα</em></strong></span> <span class='ocrx_word' id='word_1_67' title='bbox 1008 1877 1111 1958; x_wconf 75' lang='grc' dir='ltr'><strong><em>οὕτως</em></strong></span> <span class='ocrx_word' id='word_1_68' title='bbox 1123 1875 1320 1968; x_wconf 72' lang='grc' dir='ltr'><strong><em>καλούμενον</em></strong></span> 
     </span>
     <span class='ocr_line' id='line_1_12' title="bbox 189 1989 716 2085; baseline 0.002 -24"><span class='ocrx_word' id='word_1_69' title='bbox 189 1989 374 2085; x_wconf 74' lang='grc' dir='ltr'><strong><em>παρ”λοινι</em></strong></span> <span class='ocrx_word' id='word_1_70' title='bbox 394 1997 426 2063; x_wconf 83' lang='grc' dir='ltr'>ἐν</span> <span class='ocrx_word' id='word_1_71' title='bbox 446 1991 716 2083; x_wconf 77' lang='grc' dir='ltr'><strong><em>Ἀγαμέμνονι·</em></strong></span> 
     </span>
     <span class='ocr_line' id='line_1_13' title="bbox 340 2099 949 2198; baseline -0.002 -24"><span class='ocrx_word' id='word_1_72' title='bbox 340 2110 426 2174; x_wconf 85' lang='grc' dir='ltr'><strong><em>οίοει</em></strong></span> <span class='ocrx_word' id='word_1_73' title='bbox 446 2108 483 2175; x_wconf 84' lang='grc' dir='ltr'>δὲ</span> <span class='ocrx_word' id='word_1_74' title='bbox 504 2112 609 2198; x_wconf 80' lang='grc' dir='ltr'><strong><em>δῶρον</em></strong></span> <span class='ocrx_word' id='word_1_75' title='bbox 629 2101 719 2188; x_wconf 86' lang='grc' dir='ltr'><strong><em>ἀξιον</em></strong></span> <span class='ocrx_word' id='word_1_76' title='bbox 739 2099 949 2197; x_wconf 74' lang='grc' dir='ltr'><strong><em>δραμήματος</em></strong></span> 
     </span>
     <span class='ocr_line' id='line_1_14' title="bbox 342 2211 1057 2308; baseline 0.001 -24"><span class='ocrx_word' id='word_1_77' title='bbox 342 2215 478 2304; x_wconf 76' lang='grc' dir='ltr'><strong><em>ἔκπωμα</em></strong></span> <span class='ocrx_word' id='word_1_78' title='bbox 498 2211 762 2300; x_wconf 78' lang='grc' dir='ltr'><strong><em>δανισάλοιιον,</em></strong></span> <span class='ocrx_word' id='word_1_79' title='bbox 784 2211 942 2308; x_wconf 73' lang='grc' dir='ltr'><strong><em>ἄχραντον</em></strong></span> <span class='ocrx_word' id='word_1_80' title='bbox 960 2218 1057 2308; x_wconf 86' lang='grc' dir='ltr'><strong><em>πυρί,</em></strong></span> 
     </span>
     <span class='ocr_line' id='line_1_15' title="bbox 342 2321 1213 2420; baseline 0 -24"><span class='ocrx_word' id='word_1_81' title='bbox 342 2329 465 2397; x_wconf 82' lang='grc' dir='ltr'><strong><em>Πελίου</em></strong></span> <span class='ocrx_word' id='word_1_82' title='bbox 485 2324 555 2417; x_wconf 78' lang='grc' dir='ltr'>μέγ’</span> <span class='ocrx_word' id='word_1_83' title='bbox 575 2321 718 2411; x_wconf 76' lang='grc' dir='ltr'><strong><em>ἆθλον,</em></strong></span> <span class='ocrx_word' id='word_1_84' title='bbox 740 2322 890 2420; x_wconf 86' lang='grc' dir='ltr'><strong><em>Κάςορος</em></strong></span> <span class='ocrx_word' id='word_1_85' title='bbox 910 2329 938 2398; x_wconf 79' lang='grc' dir='ltr'>δ’</span> <span class='ocrx_word' id='word_1_86' title='bbox 958 2327 1073 2419; x_wconf 78' lang='grc' dir='ltr'><strong><em>ἔργον</em></strong></span> <span class='ocrx_word' id='word_1_87' title='bbox 1092 2333 1213 2397; x_wconf 77' lang='grc' dir='ltr'><strong><em>ποδῶν.</em></strong></span> 
     </span>
     <span class='ocr_line' id='line_1_16' title="bbox 232 2445 1180 2532; baseline 0.003 -24"><span class='ocrx_word' id='word_1_88' title='bbox 232 2445 313 2508; x_wconf 83' lang='lat' dir='ltr'>Sana</span> <span class='ocrx_word' id='word_1_89' title='bbox 335 2447 414 2510; x_wconf 81' lang='lat' dir='ltr'>ratio</span> <span class='ocrx_word' id='word_1_90' title='bbox 437 2447 598 2531; x_wconf 81' lang='lat' dir='ltr'>imperiose</span> <span class='ocrx_word' id='word_1_91' title='bbox 621 2445 773 2532; x_wconf 87' lang='lat' dir='ltr'>postulet,</span> <span class='ocrx_word' id='word_1_92' title='bbox 797 2451 831 2510; x_wconf 91' lang='lat' dir='ltr'>ut</span> <span class='ocrx_word' id='word_1_93' title='bbox 854 2469 897 2512; x_wconf 88' lang='lat' dir='ltr'>vs.</span> <span class='ocrx_word' id='word_1_94' title='bbox 921 2450 940 2510; x_wconf 81' lang='lat'><strong>3</strong></span> <span class='ocrx_word' id='word_1_95' title='bbox 964 2446 1180 2512; x_wconf 78' lang='lat' dir='ltr'>rescribamus:</span> 
     </span>
     <span class='ocr_line' id='line_1_17' title="bbox 333 2549 1208 2646; baseline 0.002 -24"><span class='ocrx_word' id='word_1_96' title='bbox 333 2557 457 2624; x_wconf 80' lang='grc' dir='ltr'><strong><em>Πελίου</em></strong></span> <span class='ocrx_word' id='word_1_97' title='bbox 476 2558 544 2640; x_wconf 79' lang='grc' dir='ltr'>μὲν</span> <span class='ocrx_word' id='word_1_98' title='bbox 564 2555 695 2646; x_wconf 80' lang='grc' dir='ltr'><strong><em>ἔργον,</em></strong></span> <span class='ocrx_word' id='word_1_99' title='bbox 718 2549 868 2646; x_wconf 86' lang='grc' dir='ltr'><strong><em>Κάςορος</em></strong></span> <span class='ocrx_word' id='word_1_100' title='bbox 890 2552 921 2624; x_wconf 86' lang='grc' dir='ltr'>δ’</span> <span class='ocrx_word' id='word_1_101' title='bbox 939 2549 1062 2624; x_wconf 77' lang='grc' dir='ltr'><strong><em>ἆθλον</em></strong></span> <span class='ocrx_word' id='word_1_102' title='bbox 1086 2559 1208 2626; x_wconf 75' lang='grc' dir='ltr'><strong><em>ποδοῖν.</em></strong></span> 
     </span>
     <span class='ocr_line' id='line_1_18' title="bbox 187 2669 1317 2762; baseline 0.01 -31"><span class='ocrx_word' id='word_1_103' title='bbox 187 2669 207 2732; x_wconf 92' lang='lat' dir='ltr'>i.</span> <span class='ocrx_word' id='word_1_104' title='bbox 231 2691 258 2734; x_wconf 89' lang='lat' dir='ltr'>e.</span> <span class='ocrx_word' id='word_1_105' title='bbox 280 2671 393 2734; x_wconf 78' lang='lat' dir='ltr'>Peliae</span> <span class='ocrx_word' id='word_1_106' title='bbox 427 2671 534 2758; x_wconf 85' lang='lat' dir='ltr'>(fabri)</span> <span class='ocrx_word' id='word_1_107' title='bbox 561 2695 652 2756; x_wconf 77' lang='lat' dir='ltr'>opus,</span> <span class='ocrx_word' id='word_1_108' title='bbox 680 2674 816 2736; x_wconf 76' lang='lat' dir='ltr'>Castoris</span> <span class='ocrx_word' id='word_1_109' title='bbox 835 2675 1015 2756; x_wconf 76' lang='lat' dir='ltr'>praemium.</span> <span class='ocrx_word' id='word_1_110' title='bbox 1038 2675 1155 2762; x_wconf 76' lang='lat' dir='ltr'>Ecquis</span> <span class='ocrx_word' id='word_1_111' title='bbox 1178 2683 1239 2755; x_wconf 88' lang='lat' dir='ltr'>est,</span> <span class='ocrx_word' id='word_1_112' title='bbox 1262 2679 1317 2762; x_wconf 91' lang='lat' dir='ltr'>qui</span> 
     </span>
     <span class='ocr_line' id='line_1_19' title="bbox 189 2776 890 2852; baseline -0.003 -4"><span class='ocrx_word' id='word_1_113' title='bbox 189 2806 251 2849; x_wconf 89' lang='lat' dir='ltr'>non</span> <span class='ocrx_word' id='word_1_114' title='bbox 275 2786 447 2851; x_wconf 84' lang='lat' dir='ltr'>meminerit</span> <span class='ocrx_word' id='word_1_115' title='bbox 470 2776 610 2852; x_wconf 74' lang='lat' dir='ltr'>versuum&#39;</span> <span class='ocrx_word' id='word_1_116' title='bbox 640 2787 890 2851; x_wconf 88' lang='lat' dir='ltr'>Homerioorum:</span> 
     </span>
     <span class='ocr_line' id='line_1_20' title="bbox 651 2891 1082 2990; baseline 0.005 -26"><span class='ocrx_word' id='word_1_117' title='bbox 651 2892 717 2982; x_wconf 56' lang='grc' dir='ltr'>οὐχγ</span> <span class='ocrx_word' id='word_1_118' title='bbox 731 2891 853 2987; x_wconf 75' lang='grc' dir='ltr'><strong><em>ἱερήϊον</em></strong></span> <span class='ocrx_word' id='word_1_119' title='bbox 877 2898 952 2966; x_wconf 80' lang='grc' dir='ltr'><strong><em>οὐδὲ</em></strong></span> <span class='ocrx_word' id='word_1_120' title='bbox 970 2901 1082 2990; x_wconf 77' lang='grc' dir='ltr'><strong><em>βοείην</em></strong></span> 
     </span>
     <span class='ocr_line' id='line_1_21' title="bbox 291 3003 1190 3103; baseline 0.006 -28"><span class='ocrx_word' id='word_1_121' title='bbox 291 3003 464 3100; x_wconf 78' lang='grc' dir='ltr'><strong><em>ἀρνύσθην,</em></strong></span> <span class='ocrx_word' id='word_1_122' title='bbox 487 3007 543 3076; x_wconf 75' lang='lat' dir='ltr'>iius</span> <span class='ocrx_word' id='word_1_123' title='bbox 564 3013 706 3080; x_wconf 83' lang='grc' dir='ltr'><strong><em>ποσσίν</em></strong></span> <span class='ocrx_word' id='word_1_124' title='bbox 727 3012 870 3081; x_wconf 73' lang='grc' dir='ltr'><strong><em>ἀέθλια</em></strong></span> <span class='ocrx_word' id='word_1_125' title='bbox 890 3012 1029 3099; x_wconf 72' lang='grc' dir='ltr'><strong><em>γίγνειαι</em></strong></span> <span class='ocrx_word' id='word_1_126' title='bbox 1049 3008 1190 3103; x_wconf 78' lang='grc' dir='ltr'><strong><em>ἀνδρῶν,</em></strong></span> 
     </span>
     <span class='ocr_line' id='line_1_22' title="bbox 187 3129 254 3189; baseline 0.015 -1"><span class='ocrx_word' id='word_1_127' title='bbox 187 3129 254 3189; x_wconf 87' lang='lat' dir='ltr'>aut:</span> 
     </span>
     <span class='ocr_line' id='line_1_23' title="bbox 693 3233 1012 3314; baseline -0.009 -7"><span class='ocrx_word' id='word_1_128' title='bbox 693 3233 819 3307; x_wconf 80' lang='grc' dir='ltr'><strong><em>δοίδυκα</em></strong></span> <span class='ocrx_word' id='word_1_129' title='bbox 839 3236 867 3306; x_wconf 78' lang='grc' dir='ltr'>δ’</span> <span class='ocrx_word' id='word_1_130' title='bbox 887 3238 1012 3314; x_wconf 76' lang='grc' dir='ltr'><strong><em>ἵππους</em></strong></span> 
     </span>
     <span class='ocr_line' id='line_1_24' title="bbox 289 3341 1205 3439; baseline 0.004 -25"><span class='ocrx_word' id='word_1_131' title='bbox 289 3341 414 3437; x_wconf 78' lang='grc' dir='ltr'><strong><em>πηγοάς</em></strong></span> <span class='ocrx_word' id='word_1_132' title='bbox 435 3343 667 3439; x_wconf 67' lang='grc' dir='ltr'><strong><em>ἀθλοφόρους,</em></strong></span> <span class='ocrx_word' id='word_1_133' title='bbox 690 3347 724 3419; x_wconf 82' lang='lat' dir='ltr'>o‘i</span> <span class='ocrx_word' id='word_1_134' title='bbox 745 3345 889 3418; x_wconf 78' lang='grc' dir='ltr'><strong><em>ἀέθλια</em></strong></span> <span class='ocrx_word' id='word_1_135' title='bbox 911 3350 1053 3417; x_wconf 89' lang='grc' dir='ltr'><strong><em>ποσσίν</em></strong></span> <span class='ocrx_word' id='word_1_136' title='bbox 1075 3343 1205 3438; x_wconf 79' lang='grc' dir='ltr'><strong><em>ἀρονυο.</em></strong></span> 
     </span>
     <span class='ocr_line' id='line_1_25' title="bbox 187 3453 1321 3548; baseline 0.003 -19"><span class='ocrx_word' id='word_1_137' title='bbox 187 3465 247 3529; x_wconf 89' lang='lat' dir='ltr'>Pro</span> <span class='ocrx_word' id='word_1_138' title='bbox 270 3453 341 3546; x_wconf 76' lang='grc' dir='ltr'>μέγ’</span> <span class='ocrx_word' id='word_1_139' title='bbox 366 3465 481 3548; x_wconf 85' lang='lat' dir='ltr'>requiri</span> <span class='ocrx_word' id='word_1_140' title='bbox 503 3460 562 3546; x_wconf 77' lang='grc' dir='ltr'>μὲν</span> <span class='ocrx_word' id='word_1_141' title='bbox 583 3465 664 3530; x_wconf 87' lang='lat' dir='ltr'>vidit</span> <span class='ocrx_word' id='word_1_142' title='bbox 686 3468 746 3530; x_wconf 84' lang='lat' dir='ltr'>iam</span> <span class='ocrx_word' id='word_1_143' title='bbox 779 3467 946 3531; x_wconf 82' lang='lat' dir='ltr'>Osannius.</span> <span class='ocrx_word' id='word_1_144' title='bbox 978 3466 1032 3529; x_wconf 85' lang='lat' dir='ltr'>Vs.</span> <span class='ocrx_word' id='word_1_145' title='bbox 1063 3471 1083 3529; x_wconf 78' lang='lat'>2</span> <span class='ocrx_word' id='word_1_146' title='bbox 1116 3456 1321 3532; x_wconf 77' lang='grc' dir='ltr'><strong><em>δακτύλωυον</em></strong></span> 
     </span>
     <span class='ocr_line' id='line_1_26' title="bbox 187 3578 1318 3666; baseline 0 -21"><span class='ocrx_word' id='word_1_147' title='bbox 187 3586 249 3645; x_wconf 84' lang='lat' dir='ltr'>tam</span> <span class='ocrx_word' id='word_1_148' title='bbox 289 3584 423 3645; x_wconf 85' lang='lat' dir='ltr'>veterum</span> <span class='ocrx_word' id='word_1_149' title='bbox 459 3578 740 3646; x_wconf 80' lang='lat' dir='ltr'>Alexandrinorum</span> <span class='ocrx_word' id='word_1_150' title='bbox 767 3604 857 3666; x_wconf 85' lang='lat' dir='ltr'>quam</span> <span class='ocrx_word' id='word_1_151' title='bbox 885 3582 1088 3644; x_wconf 82' lang='lat' dir='ltr'>recentiorum</span> <span class='ocrx_word' id='word_1_152' title='bbox 1111 3581 1318 3666; x_wconf 86' lang='lat' dir='ltr'>interpretum</span> 
     </span>
     <span class='ocr_line' id='line_1_27' title="bbox 188 3687 1320 3781; baseline 0.003 -23"><span class='ocrx_word' id='word_1_153' title='bbox 188 3716 265 3758; x_wconf 86' lang='lat' dir='ltr'>crux</span> <span class='ocrx_word' id='word_1_154' title='bbox 298 3695 367 3759; x_wconf 89' lang='lat' dir='ltr'>fuit.</span> <span class='ocrx_word' id='word_1_155' title='bbox 406 3694 584 3760; x_wconf 83' lang='lat' dir='ltr'>Meiuekins</span> <span class='ocrx_word' id='word_1_156' title='bbox 616 3691 829 3774; x_wconf 82' lang='grc' dir='ltr'><strong><em>δαιδάλιπον,</em></strong></span> <span class='ocrx_word' id='word_1_157' title='bbox 859 3695 1025 3761; x_wconf 87' lang='lat' dir='ltr'>Neuokins</span> <span class='ocrx_word' id='word_1_158' title='bbox 1054 3687 1248 3781; x_wconf 79' lang='grc' dir='ltr'><strong><em>δεικηλσπδν</em></strong></span> <span class='ocrx_word' id='word_1_159' title='bbox 1278 3697 1320 3762; x_wconf 89' lang='lat' dir='ltr'>oi.</span> 
     </span>
    </p>
   </div>
   <div class='ocr_carea' id='block_1_4' title="bbox 187 3798 1321 4010">
    <p class='ocr_par' dir='ltr' id='par_1_7' title="bbox 187 3798 1321 4010">
     <span class='ocr_line' id='line_1_28' title="bbox 188 3798 1321 3897; baseline 0.001 -22"><span class='ocrx_word' id='word_1_160' title='bbox 188 3810 260 3896; x_wconf 89' lang='lat' dir='ltr'>Ipse</span> <span class='ocrx_word' id='word_1_161' title='bbox 282 3811 416 3897; x_wconf 76' lang='lat' dir='ltr'>cogitavi</span> <span class='ocrx_word' id='word_1_162' title='bbox 441 3810 479 3874; x_wconf 86' lang='lat' dir='ltr'>de</span> <span class='ocrx_word' id='word_1_163' title='bbox 501 3798 698 3876; x_wconf 74' lang='grc' dir='ltr'><strong><em>διαλιθωυόν</em></strong></span> <span class='ocrx_word' id='word_1_164' title='bbox 717 3810 737 3872; x_wconf 90' lang='lat' dir='ltr'>i.</span> <span class='ocrx_word' id='word_1_165' title='bbox 761 3833 785 3874; x_wconf 91' lang='lat' dir='ltr'>e.</span> <span class='ocrx_word' id='word_1_166' title='bbox 806 3813 931 3894; x_wconf 76' lang='grc' dir='ltr'><strong><em>ριννιυιίο</em></strong></span> <span class='ocrx_word' id='word_1_167' title='bbox 953 3817 1109 3887; x_wconf 75' lang='lat' dir='ltr'>ornatum,</span> <span class='ocrx_word' id='word_1_168' title='bbox 1141 3808 1178 3872; x_wconf 86' lang='lat' dir='ltr'>de</span> <span class='ocrx_word' id='word_1_169' title='bbox 1198 3800 1321 3876; x_wconf 74' lang='grc' dir='ltr'><strong><em>πανσό-</em></strong></span> 
     </span>
     <span class='ocr_line' id='line_1_29' title="bbox 187 3922 1273 4010; baseline -0.001 -22"><span class='ocrx_word' id='word_1_170' title='bbox 187 3923 304 4004; x_wconf 85' lang='grc' dir='ltr'><strong><em>λσπον,</em></strong></span> <span class='ocrx_word' id='word_1_171' title='bbox 328 3925 365 3989; x_wconf 92' lang='lat' dir='ltr'>de</span> <span class='ocrx_word' id='word_1_172' title='bbox 388 3924 474 4001; x_wconf 84' lang='lat' dir='ltr'>eliis,</span> <span class='ocrx_word' id='word_1_173' title='bbox 493 3924 545 3989; x_wconf 90' lang='lat' dir='ltr'>sed</span> <span class='ocrx_word' id='word_1_174' title='bbox 562 3922 658 4001; x_wconf 90' lang='lat' dir='ltr'>nihil,</span> <span class='ocrx_word' id='word_1_175' title='bbox 677 3924 759 4009; x_wconf 91' lang='lat' dir='ltr'>quod</span> <span class='ocrx_word' id='word_1_176' title='bbox 784 3931 899 3990; x_wconf 86' lang='lat' dir='ltr'>eertum</span> <span class='ocrx_word' id='word_1_177' title='bbox 932 3926 989 4002; x_wconf 89' lang='lat' dir='ltr'>sit,</span> <span class='ocrx_word' id='word_1_178' title='bbox 1014 3925 1145 4010; x_wconf 87' lang='lat' dir='ltr'>reperire</span> <span class='ocrx_word' id='word_1_179' title='bbox 1175 3926 1273 4010; x_wconf 90' lang='lat' dir='ltr'>potui.</span> 
     </span>
    </p>
   </div>
   <div class='ocr_carea' id='block_1_5' title="bbox 677 4132 830 4144">
    <p class='ocr_par' dir='ltr' id='par_1_8' title="bbox 677 4132 830 4144">
     <span class='ocr_line' id='line_1_30' title="bbox 677 4132 830 4144; baseline 0.007 -2"><span class='ocrx_word' id='word_1_180' title='bbox 677 4132 830 4144; x_wconf 71' lang='grc' dir='ltr'><strong><em>-ι--ι-</em></strong></span> 
     </span>
    </p>
   </div>
   <div class='ocr_carea' id='block_1_6' title="bbox 188 4260 1323 4468">
    <p class='ocr_par' dir='ltr' id='par_1_9' title="bbox 188 4260 1323 4468">
     <span class='ocr_line' id='line_1_31' title="bbox 235 4260 1322 4355; baseline -0.001 -22"><span class='ocrx_word' id='word_1_181' title='bbox 235 4269 309 4333; x_wconf 89' lang='lat' dir='ltr'>Ath.</span> <span class='ocrx_word' id='word_1_182' title='bbox 328 4270 400 4346; x_wconf 90' lang='grc' dir='ltr'>ΙΙΙ,</span> <span class='ocrx_word' id='word_1_183' title='bbox 435 4292 463 4355; x_wconf 87' lang='lat' dir='ltr'>p.</span> <span class='ocrx_word' id='word_1_184' title='bbox 503 4273 542 4333; x_wconf 92' lang='grc'>91</span> <span class='ocrx_word' id='word_1_185' title='bbox 580 4269 626 4334; x_wconf 90' lang='lat' dir='ltr'>D:</span> <span class='ocrx_word' id='word_1_186' title='bbox 659 4263 710 4334; x_wconf 78' lang='grc' dir='ltr'><strong><em>ὅτι</em></strong></span> <span class='ocrx_word' id='word_1_187' title='bbox 739 4261 768 4332; x_wconf 77' lang='grc' dir='ltr'>δ’</span> <span class='ocrx_word' id='word_1_188' title='bbox 800 4267 832 4333; x_wconf 82' lang='grc' dir='ltr'>οἱ</span> <span class='ocrx_word' id='word_1_189' title='bbox 861 4267 976 4351; x_wconf 79' lang='grc' dir='ltr'><strong><em>ἐχῖνοι,</em></strong></span> <span class='ocrx_word' id='word_1_190' title='bbox 1008 4268 1090 4352; x_wconf 67' lang='lat' dir='ltr'>oye</span> <span class='ocrx_word' id='word_1_191' title='bbox 1112 4265 1149 4332; x_wconf 75' lang='grc' dir='ltr'>δὲ</span> <span class='ocrx_word' id='word_1_192' title='bbox 1168 4265 1223 4331; x_wconf 85' lang='grc' dir='ltr'>καί</span> <span class='ocrx_word' id='word_1_193' title='bbox 1242 4260 1322 4344; x_wconf 80' lang='grc' dir='ltr'>τούς</span> 
     </span>
     <span class='ocr_line' id='line_1_32' title="bbox 188 4373 1323 4468; baseline -0.001 -23"><span class='ocrx_word' id='word_1_194' title='bbox 188 4379 360 4468; x_wconf 89' lang='grc' dir='ltr'><strong><em>χερσαίους</em></strong></span> <span class='ocrx_word' id='word_1_195' title='bbox 381 4376 531 4456; x_wconf 80' lang='grc' dir='ltr'><strong><em>καίτούς</em></strong></span> <span class='ocrx_word' id='word_1_196' title='bbox 552 4379 750 4453; x_wconf 74' lang='grc' dir='ltr'><strong><em>θαλασσίους</em></strong></span> <span class='ocrx_word' id='word_1_197' title='bbox 775 4376 895 4444; x_wconf 63' lang='lat' dir='ltr'>{einen</span> <span class='ocrx_word' id='word_1_198' title='bbox 923 4377 986 4445; x_wconf 90' lang='grc' dir='ltr'><strong><em>είσι</em></strong></span> <span class='ocrx_word' id='word_1_199' title='bbox 1008 4377 1199 4465; x_wconf 75' lang='grc' dir='ltr'><strong><em>φυλακτικοὶ</em></strong></span> <span class='ocrx_word' id='word_1_200' title='bbox 1231 4373 1323 4467; x_wconf 77' lang='grc' dir='ltr'><strong><em>πρὸς</em></strong></span> 
     </span>
    </p>
   </div>
   <div class='ocr_carea' id='block_1_7' title="bbox 0 0 1523 5264">
    <p class='ocr_par' dir='ltr' id='par_1_10' title="bbox 0 0 1523 5264">
     <span class='ocr_line' id='line_1_33' title="bbox 0 0 1523 5264; baseline 0 0"><span class='ocrx_word' id='word_1_201' title='bbox 0 0 1523 5264; x_wconf 95' lang='lat' dir='ltr'> </span> 
     </span>
    </p>
   </div>
  </div>
 </body>
</html>
