3024 5264
837 411 879 476 at

335 584 407 650 Nou
431 587 560 674 expedio
583 610 703 654 versum
723 585 744 652 'e
765 587 915 653 'Pieedrc
933 586 1103 676 Sophoclea
1127 590 1207 680 apud
1232 587 1369 679 Hesych.
1392 587 1424 654 in

288 725 357 768 voe.
381 703 566 770 Κυλλαίνοιν
586 695 694 771 uoicm·

497 808 593 883 iboen'
614 811 666 883 ἐπ’
683 811 805 908 eripuit
826 807 905 885 ὦτα
925 811 1208 888 καλλαίνωνκὸιτω.

331 931 503 998 Abrensius
528 932 607 1019 apud
634 924 797 999 Didotium
823 934 966 1021 religiose
990 933 1097 1000 vertit:
1121 939 1164 1001 ed
1185 938 1314 1002 cendum
1336 960 1429 1002 caree

286 1050 502 1114 demittentem.
527 1050 659 1114 Minime
683 1074 761 1138 nego
786 1051 851 1115 fieri
875 1052 1027 1137 potuisse,
1051 1058 1085 1117 ut
1097 1053 1164 1139 ipse
1175 1051 1347 1118 Ahrensius
1363 1061 1425 1118 tam

286 1167 364 1231 mira
386 1167 488 1255 speeie
504 1164 616 1230 animal
633 1165 733 1231 oculis
750 1167 814 1232 suis
833 1168 1044 1253 conspexerim
1067 1166 1160 1245 mihi,
1178 1170 1229 1234 cui
1250 1168 1311 1234 tale
1323 1193 1427 1235 mous·

286 1286 368 1347 trum
385 1283 489 1348 videre
505 1282 642 1347 nondum
659 1285 842 1369 contigerit,
866 1284 958 1348 liceat
982 1286 1151 1372 corrigere:
1441 1285 1443 1288 ⁴

494 1391 632 1462 ἔσαινεν
656 1389 756 1483 οιῖρᾷ
780 1385 881 1462 culce
907 1397 1082 1464 κοιλαίνων
1108 1389 1209 1481 κάτω,

286 1515 317 1576 et
341 1511 386 1575 sic
408 1510 469 1574 iam
504 1511 623 1596 aliquot
656 1509 770 1576 abhinc
794 1511 946 1577 aetatibus
978 1535 1130 1578 summum
1156 1512 1426 1579 Hemsterhusium

288 1629 457 1693 coniecisse
491 1628 598 1705 video,
630 1628 690 1692 nisi
722 1628 805 1713 quod
830 1629 933 1693 miuus
955 1634 1038 1694 recte
1061 1615 1150 1693 τῶτα
1173 1630 1268 1695 scribi
1292 1631 1428 1698 iusserit.

287 1744 395 1811 Codex
425 1742 534 1811 habet:
561 1783 564 1787 >

538 1847 1007 1948 ἕσταιεττοορανῶτικοθλᾶννων
1028 1857 1082 1924 καὶ
1100 1848 1150 1926 τό.

334 2206 465 2292 Versus,
481 2244 518 2302 ea
541 2220 646 2287 eodem
672 2220 807 2288 dramate
831 2223 911 2310 apud
935 2223 1023 2290 Stob.
1046 2224 1114 2305 GV.
1144 2228 1187 2293 39
1209 2227 1255 2291 sic
1284 2224 1428 2293 videntur

287 2336 433 2426 legendi:

444 2443 496 2522 ὠς
514 2440 724 2533 εὐτυχοῦντα,
746 2442 888 2526 πάντας
913 2437 1130 2543 deceptrices,
1161 2435 1290 2545 βροτῶν

447 2553 505 2639 ozie
531 2557 618 2628 ἔστιν
641 2554 743 2639 ὅντως
767 2555 862 2630 ὅντιν’
884 2555 1035 2654 εὑρήσεις
1055 2564 1118 2632 ἕνα.

336 2676 454 2766 (Vulgo
471 2668 514 2743 cd
535 2674 564 2743 δ’
575 2670 771 2760 εὐτυχοῦντα
786 2667 880 2743 πάντ’
891 2669 1017 2766 cipitur}
1023 2699 1044 2744 σ
1050 2705 1091 2746 αι
1110 2677 1188 2767 xci.)
1202 2683 1222 2748 i.
1233 2705 1258 2748 e.
1269 2684 1382 2770 quippe
1394 2684 1429 2747 im

287 2799 429 2863 mmieereo
451 2795 628 2860 mortalium
646 2816 768 2858 numero
787 2796 937 2859 nemimem
949 2815 1043 2858 mmmm
1058 2817 1128 2860 eene
1134 2798 1266 2877 felicem
1282 2801 1430 2866 inuenies.

287 2900 492 3001 Ἀριθμὴσος
524 2916 571 2976 est
605 2911 735 2975 Ionicus
768 2932 786 2973 a
820 2910 955 2988 minore,
990 2910 1245 2994 quemadmodum
1284 2905 1432 3002 οἷοιθμὸς

287 3025 464 3114 tribrachys
474 3033 521 3092 est
533 3050 560 3092 v.
576 3047 602 3092 c.
614 3049 661 3113 ap.
673 3026 781 3112 Eurip.
795 3025 907 3091 Troad.
920 3026 995 3100 476:
1007 3020 1064 3100 orie
1079 3015 1223 3114 αριθμὸν
1243 3017 1349 3103 ἄλλως
1366 3024 1431 3093 mi.

288 3142 345 3208 Ut·
358 3165 428 3210 ,vero
451 3141 552 3213 locum
580 3142 717 3218 correxi,
741 3143 924 3206 sententiam
942 3140 1100 3206 relativam
1117 3163 1183 3206 csse
1198 3163 1373 3228 suspensam
1392 3140 1431 3206 ab

289 3259 346 3339 iis,
369 3282 448 3351 quae
474 3258 554 3345 apud
581 3251 766 3345 Sophoclem
793 3256 1027 3344 praecederent,
1050 3256 1104 3322 vix
1124 3256 1265 3343 estquod
1280 3278 1430 3322 moneam.

782 3462 926 3478 ι..-

334 3625 417 3692 Sutis
445 3625 549 3691 mirari
573 3646 690 3710 nequeo
714 3623 752 3688 ab
777 3622 937 3699 omuibus,
973 3627 1048 3706 quot
1072 3622 1182 3697 sciam,
1204 3621 1375 3688 editoribus
1398 3628 1430 3689 et

289 3743 323 3806 iu
348 3742 396 3807 his
419 3766 436 3807 a
460 3742 607 3808 Nauckio
637 3748 758 3826 quoque
786 3739 951 3804 lectionem
983 3743 1085 3824 aperte
1117 3737 1225 3802 falsam
1248 3737 1318 3815 alii,
1353 3761 1431 3823 quae

290 3881 396 3924 omnes
416 3880 558 3924 numeros
581 3858 720 3925 veritatis
744 3855 849 3933 habet,
866 3854 1031 3942 praelatam
1044 3875 1109 3918 esse
1124 3853 1156 3917 in
1168 3854 1323 3941 praeclaro
1333 3856 1430 3919 Alea-

290 3977 398 4041 derum
423 3975 532 4062 fragm.
558 3973 648 4060 apud.
670 3971 758 4039 Stob.
777 3972 878 4050 XCI,
909 3975 989 4036 27:-

492 4079 541 4152 Toi
562 4078 698 4175 χρήματ’
726 4076 952 4175 ἀνθρώποισιν
968 4076 1108 4172 εὑρίσκοι
1128 4079 1262 4171 φίλους,
1350 4156 1353 4161 ,
1402 4134 1416 4139 „

489 4187 590 4273 αὖθις
610 4196 649 4264 δὲ
666 4189 779 4288 τιμάς,
801 4190 871 4264 Ιεἶτα
889 4198 947 4285 τῆς
963 4184 1147 4283 ὑπερτάτης

488 4298 679 4399 τυραννίδος
697 4301 852 4376 θανοῦσιν
876 4294 1081 4396 αι’σχίοτην
1099 4304 1198 4394 ἕδραν
1218 4305 1281 4373 mi.

336 4409 518 4492 Laudentur
549 4442 603 4512 per
636 4416 738 4490 totum
771 4424 873 4490 looum
905 4424 1083 4493 divitiarum
1118 4420 1300 4511 privilegia,
1334 4443 1431 4508 quare
