3024 5264
643 451 682 514 75

96 628 247 714 siquidem
270 628 330 691 iste
353 625 440 690 locus
463 624 572 710 procul
597 624 692 689 dubio
724 630 888 711 corruptus
907 630 962 689 est.
992 625 1091 701 Nam,
1119 623 1228 689 utalia

95 751 228 821 taceam,
262 740 417 827 quomodo
452 738 684 816 Mnesilochus,
721 741 812 804 cuius
848 738 922 803 baec
953 739 1046 804 verba
1075 745 1166 815 sunt,
1196 760 1229 802 se

95 859 198 944 ipsum
228 856 389 922 barbarum
420 877 528 920 vocare
559 856 678 942 potuit,
706 860 760 920 aut
784 855 940 941 apprecari
964 854 1022 918 sibi
1046 854 1138 919 aliive
1160 876 1228 939 per-

95 974 207 1037 niciem
239 995 255 1036 a
285 970 372 1036 sole?
398 970 547 1035 Nondum
570 968 609 1034 ab
632 972 717 1034 omni
741 975 828 1056 parte
850 969 978 1056 repudio
1002 970 1228 1044 coniecturam,

95 1109 185 1171 quae,
208 1087 330 1171 quoties
353 1083 436 1150 huuc
460 1084 563 1149 locum
587 1083 672 1172 lego,
694 1083 773 1149 mihi
796 1086 882 1151 venit
902 1085 933 1150 in
955 1085 1145 1161 mentem‚in
1159 1083 1228 1147 istis

94 1190 274 1287 πυρφόρος
293 1195 431 1285 αι’δέρος
451 1187 554 1284 άστὴρ
578 1197 674 1263 latere
699 1188 913 1287 πυρφόρος
940 1190 1229 1285 ἀστεροπητής,

96 1314 213 1381 collato
247 1314 317 1380 loeo
350 1311 523 1400 Sophocleo
558 1314 693 1381 Philoet.
729 1316 835 1378 1198:

303 1417 370 1490 οὐδ’
390 1423 421 1492 εἰ
440 1420 655 1517 πυρφόρος
678 1419 951 1514 ἀστεροπητής

301 1537 440 1624 βροντᾶς
459 1534 572 1624 αὐγαῖς
592 1532 627 1622 μ’
647 1529 710 1605 εἶσι
733 1535 907 1625 φλογὶζων.

98 1653 199 1725 Quam
219 1654 321 1715 tamen
343 1651 552 1716 coniecturam
571 1674 682 1741 urgere
704 1651 793 1729 nolo,
816 1649 870 1716 sed
893 1649 952 1714 hoc
976 1671 1070 1715 unum
1090 1650 1228 1734 requiro,

98 1772 135 1832 ut
159 1789 198 1830 ne
222 1763 399 1829 istiusmodi
424 1764 502 1830 locis
524 1765 639 1851 aliquis
662 1765 748 1831 abuti
771 1763 857 1830 velit.

139 1879 286 1964 Persequi
322 1885 423 1944 autem
458 1880 608 1956 critiam,
640 1886 675 1946 ut
705 1879 745 1944 ad
777 1879 896 1957 locum,
929 1879 966 1943 de
998 1901 1058 1962 quo
1089 1881 1226 1966 agimus,

97 1996 271 2071 redeamus,
296 1994 344 2058 bis
370 1995 507 2058 versibus
524 1998 761 2062 Ausxsooaas
780 1993 967 2070 doctrinam,
984 1995 1153 2059 rectissime
1168 1997 1228 2059 iam

98 2111 151 2175 alii
185 2117 380 2175 monuerunt.
416 2110 509 2196 Diog.
542 2112 644 2176 Laert.
669 2113 719 2188 ΙΙ,
754 2115 774 2175 3
812 2111 830 2194 b
864 2111 884 2175 8
922 2109 968 2173 ed.
1008 2109 1100 2174 ooo:
1133 2099 1230 2182 οὗτος

98 2217 187 2308 ἔλεγε
200 2216 256 2287 τόν
270 2215 358 2309 ἥλιον
378 2212 528 2309 μόδρον
548 2215 629 2290 εἶναι
648 2216 841 2311 διάπυρον
859 2221 913 2288 καὶ
931 2220 1036 2306 μείζω
1049 2224 1107 2310 τῆς
1118 2223 1229 2314 ,Πελο-

97 2324 256 2421 ποννήσου
295 2332 359 2400 uei.
404 2336 546 2422 Xenoph.
583 2339 709 2403 Memor.
744 2339 811 2415 IV,
846 2341 863 2400 7
900 2337 918 2420 b
953 2341 988 2400 7:
1024 2324 1161 2420 φάσκων
1192 2333 1230 2399 δὲ

99 2448 218 2533 (nempe
249 2450 465 2538 Αυοοαροναι)
491 2444 548 2516 τόν
576 2445 665 2538 ἣλιον
692 2450 809 2517 λίθον
840 2441 1036 2536 διάπυρον
1065 2438 1145 2513 εἶναι
1176 2445 1230 2510 καὶ

98 2551 184 2624 τοῦτ’
202 2552 316 2647 ἠγνόει,
338 2555 497 2637 ὅτιλίδος
512 2559 570 2645 μὲν
586 2561 618 2627 ἐν
637 2561 721 2650 πυρὶ
742 2555 787 2628 δν
803 2552 878 2628 clive
895 2550 1018 2643 λάμπει
1034 2549 1109 2624 oilae
1127 2550 1230 2624 πολόν

98 2666 212 2757 χρόνον
232 2670 371 2755 ἀντέχει,
394 2667 412 2739 ό
435 2665 465 2739 δ’
486 2666 576 2760 ἥλιος
596 2667 653 2740 τόν
672 2663 774 2739 πάνια
792 2664 909 2762 χρόνον
934 2664 1063 2739 πάντων
1084 2664 1229 2759 λαμπρά

96 2805 194 2858 ταυος
215 2775 260 2847 δν
279 2783 432 2866 διαμένει.
452 2786 490 2851 ct
514 2788 592 2852 Luc.
614 2789 735 2852 Icarom
754 2789 772 2872 b
791 2789 820 2855 7.
835 2786 923 2852 Hinc
936 2787 1068 2853 subnata
1080 2784 1155 2849 mihi
1167 2785 1228 2849 iam

97 2896 215 2981 aliquot
249 2896 363 2963 abhinc
389 2902 478 2966 annis
513 2903 565 2987 (ef.
597 2902 752 2968 dissertat
781 2924 879 2967 meam
914 2925 943 2988 p.
979 2902 1057 2986 131)
1092 2900 1230 2986 suspicio

96 3018 157 3090 est,
183 3035 199 3076 a
222 3012 323 3077 Critia
346 3013 420 3078 olim
446 3017 617 3102 profectum
645 3040 712 3082 esse
738 3018 823 3083 hunc
844 3038 984 3082 versum:

252 3118 332 3191 ὅθεν
350 3148 387 3191 τε
408 3123 561 3217 λαμπρός
580 3120 779 3220 διάπυρος
800 3131 921 3214 oretque
940 3121 1074 3217 μύδρος.

141 3237 336 3304 Vocabulum
365 3247 468 3307 autem
491 3233 654 3330 διάπυρος
675 3246 709 3309 in
733 3237 870 3331 αἰπέρος
901 3245 985 3309 abire
1007 3243 1145 3330 potuisse
1166 3262 1228 3306 non

98 3352 277 3431 mirabitur,
299 3356 477 3442 quicunque
497 3359 687 3435 meminerit,
715 3383 777 3446 quo
800 3360 983 3448 compendio
1006 3381 1143 3445 praepos.
1174 3349 1230 3422 διά

97 3470 186 3557 pingi
207 3469 304 3534 soleat
326 3472 359 3535 iu
383 3471 473 3537 libris
489 3476 717 3561 manuscriptis.
740 3476 941 3542 (lf.Bastium
955 3473 1229 3560 commpalaeogr.

98 3583 158 3647 tab.
189 3584 233 3661 V,
263 3608 346 3650 num.
372 3591 422 3651 19.
447 3588 556 3673 Neque
579 3594 681 3655 tamen
706 3591 838 3656 absurde
859 3589 1065 3656 scriberetur:

251 3690 332 3762 ὅθεν
352 3721 389 3764 ιε
410 3693 563 3790 λαμπρός
585 3699 753 3790 αἰθέρος
772 3703 892 3787 aveque
910 3694 1045 3790 μόδρος.

143 3811 197 3873 Vs.
221 3813 274 3888 38,
298 3816 340 3877 39
365 3836 453 3878 nemo
480 3838 541 3879 non
569 3817 706 3883 monitus
740 3816 878 3881 haerebit
912 3818 947 3880 in
983 3812 1115 3879 absurdo
1146 3812 1230 3899 pleo-

97 3946 219 4001 nasm0‚
244 3947 305 4010 quo
325 3927 467 3994 laborant
491 3930 581 3995 verba
602 3921 777 4016 κατῴκισεν
794 3924 850 3996 τόν
872 3918 998 4014 δαίμον’
1018 3924 1125 3993 οἰκεῖν.

142 4040 228 4104 Haeo
241 4047 342 4106 tamen
365 4065 413 4108 res
427 4068 499 4110 *uon
523 4045 657 4110 librariis
681 4045 759 4109 vitio
784 4042 929 4109 vertenda
950 4047 1009 4119 est,
1031 4040 1084 4105 sed
1108 4040 1228 4106 criticis

97 4156 328 4222 recentioribus,
358 4160 408 4224 Ita
440 4162 522 4225 enim
552 4161 681 4247 pessime
706 4158 907 4246 interpolavit
928 4156 1065 4223 hiulcam
1085 4154 1227 4221 codicum

97 4271 296 4356 scripturam:
318 4265 383 4338 τόν
402 4271 572 4357 δαίμονα
591 4272 656 4339 καὶ
677 4271 709 4339 ἐν
729 4271 890 4360 πρέποντι
909 4269 1020 4360 χωρίῳ
1044 4271 1123 4337 God.
1148 4270 1229 4336 Her·
1250 4327 1256 4336 .

99 4407 237 4450 mannus.
257 4387 357 4458 Quam
377 4387 436 4450 viri
459 4387 701 4474 ingeniosissimi
718 4388 927 4453 coniecturam
947 4386 1125 4452 inconsulto
1146 4407 1229 4450 rece·
